2962 4396
5 736 11 834 i

210 272 255 340 74
1056 283 1108 354 ΠΙ,
1134 285 1160 355 2,
1188 284 1341 342 144-162

297 448 390 510 Viden
413 460 581 523 coagmenta
604 452 633 508 in
656 447 788 510 foribus?

721 554 781 614 ΤΗ.
805 553 905 613 Video.
992 588 994 593 >

787 656 847 714 TR.
871 651 980 729 Specta
1003 674 1088 730 quum
1111 664 1173 718 erte
1197 656 1344 719 dormiunt

212 757 272 816 ΤΗ.
294 753 472 817 Dormient?

137 875 193 921 sec
236 865 239 870 ’
415 859 475 916 TR.
499 856 576 917 Iildd
598 858 722 933 quidem,
746 867 778 919 ut
801 858 944 933 coniuent,
969 861 1048 920 uolui
1070 859 1178 921 dicere.

296 957 380 1019 setin
401 960 511 1019 hebes?

395 1063 455 1121 TH.
479 1064 518 1122 Vt
540 1061 679 1138 quicquid
701 1063 790 1136 magis
814 1060 1003 1138 contemplor,
1027 1072 1108 1125 tento
1131 1064 1224 1139 megis
1247 1067 1344 1141 plecet

210 1163 271 1223 TR.
294 1163 377 1239 Vide,
400 1166 451 1224 ubi
472 1162 639 1224 ludificetur
661 1182 718 1224 une
740 1161 841 1224 ceruix
863 1163 1006 1226 uolturios
1030 1167 1111 1227 duos.

210 1266 271 1325 TH.
294 1263 363 1325 Ndn
386 1267 488 1341 edepol
509 1268 604 1328 uideo.

677 1348 686 1366 Ι

581 1371 640 1428 TR.
665 1367 693 1427 A
728 1388 781 1444 ego
804 1371 902 1431 uideo:
928 1388 991 1430 nem
1014 1369 1090 1440 inter
1112 1369 1258 1432 uolturios
1281 1373 1344 1432 duos

294 1468 402 1529 Odrnix
424 1479 513 1530 estet:
539 1468 576 1530 ee
597 1474 737 1532 uolturios
761 1472 834 1532 ddos
857 1474 984 1531 uicissim
1006 1471 1135 1533 scilicet.

136 1584 187 1630 ees
293 1569 408 1644 Quaeso
430 1572 487 1632 huc
509 1574 546 1632 ed
569 1591 613 1633 mc
636 1570 746 1648 specte,
771 1576 914 1634 cornicem
938 1573 971 1634 dt
992 1577 1159 1650 conspicere
1182 1572 1305 1648 pdssies

292 1673 355 1734 Idm
378 1675 481 1734 uides?

411 1780 472 1836 TH.
496 1775 631 1838 Profecto
655 1780 763 1837 nullam
786 1779 918 1853 equidem
940 1776 1000 1837 illic
1023 1777 1166 1837 cornicem
1190 1777 1297 1839 intuor.

207 1881 267 1938 TR.
291 1858 333 1939 [it
354 1887 385 1939 tu
407 1882 481 1939 istoc
504 1879 541 1938 ed
562 1877 617 1938 ude
641 1888 769 1954 optume,
795 1877 933 1954 quoniam
956 1875 1101 1939 cornicem
1123 1882 1226 1954 nequis

292 1979 471 2057 conspicari,
496 1980 521 2039 si
543 1983 683 2041 uolturios
705 1978 784 2042 idrte
805 1984 900 2056 possis
923 1979 1033 2041 contui.

206 2086 266 2143 TH.
291 2063 424 2156 Omnino,
448 2091 481 2142 ut
502 2091 531 2142 te
553 2080 713 2158 epsdiuem,
737 2085 843 2142 nullam
866 2083 974 2158 pictam
997 2085 1143 2158 conspicio
1166 2082 1215 2142 hic
1237 2101 1327 2144 auem.

133 2198 186 2244 sec
205 2189 266 2247 TR.
289 2163 361 2260 rige,
386 2189 443 2245 iem
466 2187 557 2246 mitto.
588 2182 725 2259 ignosco:
748 2193 842 2245 aetate
865 2182 923 2244 ndn
947 2187 1010 2259 quis
1033 2182 1192 2259 optuerier.

203 2290 264 2349 TH.
287 2285 377 2361 Haec,
391 2305 465 2362 quae
479 2305 605 2362 possum,
619 2305 654 2347 ea
669 2287 740 2345 mihi
756 2287 886 2362 proiecto
903 2287 1008 2346 educte
1019 2285 1206 2347 uehementer
1222 2289 1345 2363 placent.

203 2391 247 2449 SI.
283 2388 386 2450 Letius
409 2391 522 2450 demum
545 2387 682 2464 operaest
703 2392 826 2464 pretium
848 2388 946 2449 inisse.
1323 2376 1327 2383 ¹

841 2472 901 2550 TH.
925 2493 985 2549 Eu:
1009 2498 1087 2550 recte
1110 2470 1217 2566 cdepdl
1239 2511 1348 2553 mones.

203 2595 248 2653 SI.
285 2579 357 2665 Eho,
381 2595 476 2666 istum,
500 2611 598 2668 puere,
623 2592 805 2654 circumduce
827 2593 913 2654 hesce
936 2594 1016 2652 aedis
1040 2601 1070 2653 et
1091 2592 1253 2653 conciduia.

287 2695 362 2753 Nem
385 2692 500 2768 egomet
521 2692 679 2767 ductercm,
703 2697 759 2755 nisi
781 2699 820 2754 mi
843 2703 919 2756 esset
941 2695 978 2753 ed
1001 2694 1094 2755 forum
1116 2693 1276 2770 negotium.

132 2813 183 2860 845
203 2800 264 2858 TH.
286 2775 389 2872 Apage
411 2799 498 2856 istum
522 2794 816 2874 [circdmductorem]:
841 2798 881 2857 nil
904 2817 1000 2858 moror
1022 2796 1178 2857 ducterier.

203 2903 248 2962 SI.
282 2899 340 2961 Uin
363 2903 413 2976 qui
433 2896 610 2975 perductet?

514 3004 573 3061 TH.
597 3007 699 3077 Apage
721 3005 808 3062 istum
829 3000 1047 3077 perductorem:
1071 2999 1130 3060 ndn
1152 3005 1258 3077 placet.

287 3105 433 3180 Quicquid
455 3112 506 3177 est,
530 3103 634 3164 crrdbo
656 3107 753 3180 potius
777 3103 864 3178 quem
885 3105 1038 3179 perductet
1060 3103 1213 3179 quispiam.

132 3257 135 3263 .
201 3209 246 3269 SI.
283 3205 374 3267 Aedis
397 3208 472 3267 dico.

359 3341 360 3344 κ
427 3310 487 3368 ΤΗ.
512 3309 591 3381 Ergo
614 3306 689 3367 intro
714 3326 747 3368 eo
769 3310 858 3382 igitur
880 3307 941 3368 sine
964 3309 1145 3383 perductore.

1117 3411 1152 3469 sn
1184 3387 1207 3484 i,
1232 3412 1310 3471 neec

200 3515 262 3575 ru
283 3491 336 3574 ine
358 3505 434 3573 retro
455 3513 552 3586 igitur.

375 3648 378 3653 ‚
421 3619 423 3624 '
451 3648 454 3652 Δ
506 3615 567 3675 TR.
590 3614 679 3675 Mene
701 3617 740 3674 sis
763 3616 886 3688 uideam,
910 3612 953 3673 ne
970 3617 1049 3673 cenis
1072 3646 1113 3656 -

1026 3718 1086 3775 TH.
1110 3716 1243 3790 Ageddm
1266 3718 1356 3778 uide,
