<?xml version="1.0" encoding="UTF-8"?>
<!DOCTYPE html PUBLIC "-//W3C//DTD XHTML 1.0 Transitional//EN"
    "http://www.w3.org/TR/xhtml1/DTD/xhtml1-transitional.dtd">
<html xmlns="http://www.w3.org/1999/xhtml" xml:lang="en" lang="en">
 <head>
  <title>
</title>
<meta http-equiv="Content-Type" content="text/html;charset=utf-8" />
  <meta name='ocr-system' content='tesseract 3.04.00' />
  <meta name='ocr-capabilities' content='ocr_page ocr_carea ocr_par ocr_line ocrx_word'/>
</head>
<body>
  <div class='ocr_page' id='page_1' title='image "./tmacciplautimos00gjergoog_0119.png"; bbox 0 0 2978 4396; ppageno 0'>
   <div class='ocr_carea' id='block_1_1' title="bbox 195 274 1352 353">
    <p class='ocr_par' dir='ltr' id='par_1_1' title="bbox 195 274 1352 353">
     <span class='ocr_line' id='line_1_1' title="bbox 195 274 1352 353; baseline -0.011 -2"><span class='ocrx_word' id='word_1_1' title='bbox 195 274 255 339; x_wconf 75' lang='lat'>106</span> <span class='ocrx_word' id='word_1_2' title='bbox 1102 279 1189 353; x_wconf 75' lang='grc'><strong>1,.1,</strong></span> <span class='ocrx_word' id='word_1_3' title='bbox 1217 281 1352 338; x_wconf 71' lang='lat' dir='ltr'>ec-sr</span> 
     </span>
    </p>
   </div>
   <div class='ocr_carea' id='block_1_2' title="bbox 130 427 1363 3498">
    <p class='ocr_par' dir='ltr' id='par_1_2' title="bbox 130 427 1363 3498">
     <span class='ocr_line' id='line_1_2' title="bbox 278 427 1024 524; baseline 0.001 -17"><span class='ocrx_word' id='word_1_4' title='bbox 278 427 419 524; x_wconf 75' lang='lat' dir='ltr'>Optumus</span> <span class='ocrx_word' id='word_1_5' title='bbox 441 447 642 509; x_wconf 76' lang='lat' dir='ltr'>frustrttioues</span> <span class='ocrx_word' id='word_1_6' title='bbox 666 445 781 508; x_wconf 81' lang='lat' dir='ltr'>de‘deris</span> <span class='ocrx_word' id='word_1_7' title='bbox 804 450 834 506; x_wconf 90' lang='lat' dir='ltr'>iu</span> <span class='ocrx_word' id='word_1_8' title='bbox 856 445 1024 509; x_wconf 79' lang='lat' dir='ltr'>comoediis.</span> 
     </span>
     <span class='ocr_line' id='line_1_3' title="bbox 194 551 1127 624; baseline 0.001 -14"><span class='ocrx_word' id='word_1_9' title='bbox 194 553 252 610; x_wconf 82' lang='lat' dir='ltr'>CA.</span> <span class='ocrx_word' id='word_1_10' title='bbox 277 551 353 610; x_wconf 75' lang='lat' dir='ltr'>the</span> <span class='ocrx_word' id='word_1_11' title='bbox 375 567 547 624; x_wconf 85' lang='lat' dir='ltr'><strong>parumper:</strong></span> <span class='ocrx_word' id='word_1_12' title='bbox 570 551 631 609; x_wconf 87' lang='lat' dir='ltr'>siue</span> <span class='ocrx_word' id='word_1_13' title='bbox 654 552 781 609; x_wconf 87' lang='lat' dir='ltr'>uicissim</span> <span class='ocrx_word' id='word_1_14' title='bbox 804 551 850 609; x_wconf 77' lang='lat' dir='ltr'>me</span> <span class='ocrx_word' id='word_1_15' title='bbox 871 552 960 624; x_wconf 88' lang='lat' dir='ltr'>loqui.</span> <span class='ocrx_word' id='word_1_16' title='bbox 985 552 1127 611; x_wconf 70' lang='lat' dir='ltr'>auscultet.</span> 
     </span>
     <span class='ocr_line' id='line_1_4' title="bbox 704 654 1256 739; baseline 0.011 -32"><span class='ocrx_word' id='word_1_17' title='bbox 704 731 708 739; x_wconf 17' lang='grc' dir='ltr'>ἱ</span> <span class='ocrx_word' id='word_1_18' title='bbox 1075 655 1138 712; x_wconf 59' lang='grc' dir='ltr'>ΤΗ,</span> <span class='ocrx_word' id='word_1_19' title='bbox 1159 654 1256 715; x_wconf 82' lang='lat' dir='ltr'>Licet.</span> 
     </span>
     <span class='ocr_line' id='line_1_5' title="bbox 195 733 1258 830; baseline 0.007 -18"><span class='ocrx_word' id='word_1_20' title='bbox 195 755 253 812; x_wconf 84' lang='lat' dir='ltr'>CA.</span> <span class='ocrx_word' id='word_1_21' title='bbox 277 733 412 814; x_wconf 73' lang='lat' dir='ltr'>Omnium</span> <span class='ocrx_word' id='word_1_22' title='bbox 434 756 556 829; x_wconf 82' lang='lat' dir='ltr'>primum</span> <span class='ocrx_word' id='word_1_23' title='bbox 580 754 706 814; x_wconf 78' lang='lat' dir='ltr'>sodalem</span> <span class='ocrx_word' id='word_1_24' title='bbox 730 774 774 815; x_wconf 87' lang='lat' dir='ltr'>me</span> <span class='ocrx_word' id='word_1_25' title='bbox 797 751 862 816; x_wconf 76' lang='lat' dir='ltr'>esse</span> <span class='ocrx_word' id='word_1_26' title='bbox 885 756 940 814; x_wconf 88' lang='lat' dir='ltr'>scis</span> <span class='ocrx_word' id='word_1_27' title='bbox 963 754 1057 830; x_wconf 48' lang='lat' dir='ltr'>quatri*</span> <span class='ocrx_word' id='word_1_28' title='bbox 1073 764 1132 817; x_wconf 92' lang='lat' dir='ltr'>tuo.</span> <span class='ocrx_word' id='word_1_29' title='bbox 1248 803 1258 819; x_wconf 88' lang='lat'><strong>.</strong></span> 
     </span>
     <span class='ocr_line' id='line_1_6' title="bbox 278 833 1297 935; baseline 0.005 -23"><span class='ocrx_word' id='word_1_30' title='bbox 278 833 306 915; x_wconf 75' lang='lat' dir='ltr'>I&#39;s</span> <span class='ocrx_word' id='word_1_31' title='bbox 330 875 374 916; x_wconf 88' lang='lat' dir='ltr'>me</span> <span class='ocrx_word' id='word_1_32' title='bbox 396 857 482 916; x_wconf 87' lang='lat' dir='ltr'>adiit:</span> <span class='ocrx_word' id='word_1_33' title='bbox 507 874 571 915; x_wconf 85' lang='lat' dir='ltr'>nam</span> <span class='ocrx_word' id='word_1_34' title='bbox 593 858 674 916; x_wconf 82' lang='lat' dir='ltr'>illim</span> <span class='ocrx_word' id='word_1_35' title='bbox 696 858 813 932; x_wconf 84' lang='lat' dir='ltr'>prodire</span> <span class='ocrx_word' id='word_1_36' title='bbox 836 859 926 932; x_wconf 84' lang='lat' dir='ltr'>pidet</span> <span class='ocrx_word' id='word_1_37' title='bbox 947 859 1183 935; x_wconf 79' lang='lat' dir='ltr'>inconspectum</span> <span class='ocrx_word' id='word_1_38' title='bbox 1207 866 1297 920; x_wconf 53' lang='lat' dir='ltr'>tuum,</span> 
     </span>
     <span class='ocr_line' id='line_1_7' title="bbox 278 957 1270 1036; baseline 0.004 -18"><span class='ocrx_word' id='word_1_39' title='bbox 278 959 439 1034; x_wconf 79' lang='lat' dir='ltr'>Prtpterea</span> <span class='ocrx_word' id='word_1_40' title='bbox 461 961 530 1034; x_wconf 82' lang='lat' dir='ltr'>quie</span> <span class='ocrx_word' id='word_1_41' title='bbox 551 957 631 1032; x_wconf 80' lang='lat' dir='ltr'>fecit,</span> <span class='ocrx_word' id='word_1_42' title='bbox 655 977 729 1034; x_wconf 80' lang='lat' dir='ltr'>quae</span> <span class='ocrx_word' id='word_1_43' title='bbox 752 968 780 1035; x_wconf 87' lang='lat' dir='ltr'>te</span> <span class='ocrx_word' id='word_1_44' title='bbox 803 962 878 1021; x_wconf 81' lang='lat' dir='ltr'>scire</span> <span class='ocrx_word' id='word_1_45' title='bbox 899 963 962 1020; x_wconf 89' lang='lat' dir='ltr'>scit</span> <span class='ocrx_word' id='word_1_46' title='bbox 987 979 1063 1021; x_wconf 88' lang='lat' dir='ltr'>nuuc</span> <span class='ocrx_word' id='word_1_47' title='bbox 1084 968 1113 1021; x_wconf 91' lang='lat' dir='ltr'>te</span> <span class='ocrx_word' id='word_1_48' title='bbox 1136 960 1270 1036; x_wconf 70' lang='lat' dir='ltr'>epsecrq</span> 
     </span>
     <span class='ocr_line' id='line_1_8' title="bbox 280 1060 1173 1138; baseline 0.002 -18"><span class='ocrx_word' id='word_1_49' title='bbox 280 1063 427 1122; x_wconf 79' lang='lat' dir='ltr'>stultitiae</span> <span class='ocrx_word' id='word_1_50' title='bbox 450 1062 728 1137; x_wconf 76' lang='lat' dir='ltr'>adulescentiaeque·</span> <span class='ocrx_word' id='word_1_51' title='bbox 746 1060 805 1138; x_wconf 89' lang='lat' dir='ltr'>[ut]</span> <span class='ocrx_word' id='word_1_52' title='bbox 830 1060 893 1122; x_wconf 75' lang='lat' dir='ltr'>eius</span> <span class='ocrx_word' id='word_1_53' title='bbox 915 1065 1062 1137; x_wconf 75' lang='lat' dir='ltr'>ignoscis:</span> <span class='ocrx_word' id='word_1_54' title='bbox 1085 1071 1173 1123; x_wconf 82' lang='lat' dir='ltr'>tuost</span> 
     </span>
     <span class='ocr_line' id='line_1_9' title="bbox 247 1165 1006 1230; baseline -0.001 -7"><span class='ocrx_word' id='word_1_55' title='bbox 247 1224 251 1230; x_wconf 77' lang='grc'>,</span> <span class='ocrx_word' id='word_1_56' title='bbox 279 1165 342 1223; x_wconf 86' lang='lat' dir='ltr'>Scis</span> <span class='ocrx_word' id='word_1_57' title='bbox 364 1165 456 1225; x_wconf 89' lang='lat' dir='ltr'>solere</span> <span class='ocrx_word' id='word_1_58' title='bbox 479 1165 565 1223; x_wconf 67' lang='lat' dir='ltr'>illunc</span> <span class='ocrx_word' id='word_1_59' title='bbox 588 1172 712 1224; x_wconf 83' lang='lat' dir='ltr'>aetatem</span> <span class='ocrx_word' id='word_1_60' title='bbox 735 1166 786 1224; x_wconf 75' lang='lat' dir='ltr'>teti</span> <span class='ocrx_word' id='word_1_61' title='bbox 808 1165 876 1225; x_wconf 91' lang='lat' dir='ltr'>ludo</span> <span class='ocrx_word' id='word_1_62' title='bbox 898 1166 1006 1225; x_wconf 79' lang='lat' dir='ltr'>ludere.</span> 
     </span>
     <span class='ocr_line' id='line_1_10' title="bbox 281 1264 1167 1342; baseline 0.001 -18"><span class='ocrx_word' id='word_1_63' title='bbox 281 1265 425 1341; x_wconf 82' lang='lat' dir='ltr'>Quicquid</span> <span class='ocrx_word' id='word_1_64' title='bbox 446 1266 523 1338; x_wconf 85' lang='lat' dir='ltr'>fecit,</span> <span class='ocrx_word' id='word_1_65' title='bbox 547 1266 697 1326; x_wconf 76' lang='lat' dir='ltr'>nebiscum</span> <span class='ocrx_word' id='word_1_66' title='bbox 719 1285 778 1327; x_wconf 82' lang='lat' dir='ltr'>une</span> <span class='ocrx_word' id='word_1_67' title='bbox 798 1264 886 1326; x_wconf 81' lang='lat' dir='ltr'>iecit:</span> <span class='ocrx_word' id='word_1_68' title='bbox 910 1285 962 1327; x_wconf 90' lang='lat' dir='ltr'>uos</span> <span class='ocrx_word' id='word_1_69' title='bbox 986 1267 1167 1342; x_wconf 80' lang='lat' dir='ltr'><strong>deliquimus.</strong></span> 
     </span>
     <span class='ocr_line' id='line_1_11' title="bbox 130 1365 1352 1445; baseline 0.004 -23"><span class='ocrx_word' id='word_1_70' title='bbox 130 1380 193 1426; x_wconf 83' lang='lat' dir='ltr'>nec</span> <span class='ocrx_word' id='word_1_71' title='bbox 279 1365 405 1441; x_wconf 77' lang='lat' dir='ltr'>Faenus²</span> <span class='ocrx_word' id='word_1_72' title='bbox 423 1378 529 1429; x_wconf 81' lang='lat' dir='ltr'><strong>sortem</strong></span> <span class='ocrx_word' id='word_1_73' title='bbox 545 1372 748 1445; x_wconf 81' lang='lat' dir='ltr'>sumptumque</span> <span class='ocrx_word' id='word_1_74' title='bbox 765 1389 885 1445; x_wconf 88' lang='lat' dir='ltr'>omnem,</span> <span class='ocrx_word' id='word_1_75' title='bbox 900 1373 949 1445; x_wconf 85' lang='lat' dir='ltr'>qui</span> <span class='ocrx_word' id='word_1_76' title='bbox 962 1372 1054 1428; x_wconf 81' lang='lat' dir='ltr'>amica</span> <span class='ocrx_word' id='word_1_77' title='bbox 1066 1366 1232 1444; x_wconf 80' lang='lat' dir='ltr'>[empta]st‚</span> <span class='ocrx_word' id='word_1_78' title='bbox 1247 1368 1352 1429; x_wconf 75' lang='lat' dir='ltr'>emnia</span> 
     </span>
     <span class='ocr_line' id='line_1_12' title="bbox 281 1470 1224 1546; baseline 0.002 -20"><span class='ocrx_word' id='word_1_79' title='bbox 281 1470 341 1530; x_wconf 72' lang='lat' dir='ltr'>Nes</span> <span class='ocrx_word' id='word_1_80' title='bbox 364 1471 504 1544; x_wconf 84' lang='lat' dir='ltr'><strong>dabimus,</strong></span> <span class='ocrx_word' id='word_1_81' title='bbox 528 1489 579 1531; x_wconf 90' lang='lat' dir='ltr'>uos</span> <span class='ocrx_word' id='word_1_82' title='bbox 603 1471 791 1545; x_wconf 73' lang='lat' dir='ltr'>censeremus,</span> <span class='ocrx_word' id='word_1_83' title='bbox 815 1472 913 1532; x_wconf 72' lang='lat' dir='ltr'>uestro</span> <span class='ocrx_word' id='word_1_84' title='bbox 936 1479 1060 1546; x_wconf 83' lang='lat' dir='ltr'>sumptu,</span> <span class='ocrx_word' id='word_1_85' title='bbox 1084 1471 1141 1530; x_wconf 88' lang='grc' dir='ltr'><strong>11ό11</strong></span> <span class='ocrx_word' id='word_1_86' title='bbox 1164 1479 1224 1529; x_wconf 89' lang='lat' dir='ltr'>tuo.</span> 
     </span>
     <span class='ocr_line' id='line_1_13' title="bbox 197 1573 1149 1649; baseline -0.001 -18"><span class='ocrx_word' id='word_1_87' title='bbox 197 1576 256 1635; x_wconf 84' lang='grc' dir='ltr'>ΤΗ.</span> <span class='ocrx_word' id='word_1_88' title='bbox 280 1573 345 1632; x_wconf 72' lang='lat' dir='ltr'>Neu</span> <span class='ocrx_word' id='word_1_89' title='bbox 368 1575 465 1647; x_wconf 88' lang='lat' dir='ltr'>potuit</span> <span class='ocrx_word' id='word_1_90' title='bbox 487 1575 585 1633; x_wconf 84' lang='lat' dir='ltr'>uenire</span> <span class='ocrx_word' id='word_1_91' title='bbox 608 1581 708 1634; x_wconf 82' lang='lat' dir='ltr'>oretur</span> <span class='ocrx_word' id='word_1_92' title='bbox 730 1576 820 1648; x_wconf 73' lang='lat' dir='ltr'>mtgis</span> <span class='ocrx_word' id='word_1_93' title='bbox 842 1575 880 1635; x_wconf 83' lang='lat' dir='ltr'>ud</span> <span class='ocrx_word' id='word_1_94' title='bbox 903 1593 947 1634; x_wconf 90' lang='lat' dir='ltr'>me</span> <span class='ocrx_word' id='word_1_95' title='bbox 970 1574 1149 1649; x_wconf 71' lang='lat' dir='ltr'>irrpetrtbilis</span> 
     </span>
     <span class='ocr_line' id='line_1_14' title="bbox 282 1670 1313 1751; baseline -0.002 -17"><span class='ocrx_word' id='word_1_96' title='bbox 282 1676 373 1747; x_wconf 72' lang='lat' dir='ltr'>Quem</span> <span class='ocrx_word' id='word_1_97' title='bbox 397 1683 442 1735; x_wconf 86' lang='lat' dir='ltr'>tu:</span> <span class='ocrx_word' id='word_1_98' title='bbox 466 1694 558 1750; x_wconf 91' lang='lat' dir='ltr'>neque</span> <span class='ocrx_word' id='word_1_99' title='bbox 581 1679 624 1736; x_wconf 90' lang='lat' dir='ltr'>illi</span> <span class='ocrx_word' id='word_1_100' title='bbox 648 1675 732 1751; x_wconf 78' lang='lat' dir='ltr'>[itm]</span> <span class='ocrx_word' id='word_1_101' title='bbox 756 1695 818 1735; x_wconf 90' lang='lat' dir='ltr'>sum</span> <span class='ocrx_word' id='word_1_102' title='bbox 841 1679 931 1736; x_wconf 77' lang='lat' dir='ltr'>iratus</span> <span class='ocrx_word' id='word_1_103' title='bbox 955 1675 1050 1751; x_wconf 72' lang='lat' dir='ltr'>neque</span> <span class='ocrx_word' id='word_1_104' title='bbox 1073 1677 1228 1750; x_wconf 83' lang='lat' dir='ltr'>quicquum</span> <span class='ocrx_word' id='word_1_105' title='bbox 1253 1670 1313 1750; x_wconf 88' lang='lat' dir='ltr'>[ei]</span> 
     </span>
     <span class='ocr_line' id='line_1_15' title="bbox 1135 1777 1304 1835; baseline -0.006 -1"><span class='ocrx_word' id='word_1_106' title='bbox 1135 1777 1304 1835; x_wconf 77' lang='lat' dir='ltr'>suscenseo.</span> 
     </span>
     <span class='ocr_line' id='line_1_16' title="bbox 281 1858 1196 1955; baseline 0.001 -19"><span class='ocrx_word' id='word_1_107' title='bbox 281 1858 370 1940; x_wconf 71' lang='lat' dir='ltr'>immo</span> <span class='ocrx_word' id='word_1_108' title='bbox 393 1897 437 1940; x_wconf 89' lang='lat' dir='ltr'>me</span> <span class='ocrx_word' id='word_1_109' title='bbox 460 1877 613 1955; x_wconf 76' lang='lat' dir='ltr'>praesente</span> <span class='ocrx_word' id='word_1_110' title='bbox 636 1889 741 1955; x_wconf 80' lang='lat' dir='ltr'>umato,</span> <span class='ocrx_word' id='word_1_111' title='bbox 764 1882 866 1954; x_wconf 83' lang='lat' dir='ltr'>bibito,</span> <span class='ocrx_word' id='word_1_112' title='bbox 890 1880 977 1941; x_wconf 81' lang='lat' dir='ltr'>facitu</span> <span class='ocrx_word' id='word_1_113' title='bbox 1002 1879 1080 1955; x_wconf 78' lang='lat' dir='ltr'>qued</span> <span class='ocrx_word' id='word_1_114' title='bbox 1101 1879 1196 1950; x_wconf 89' lang='lat' dir='ltr'>lubet;</span> 
     </span>
     <span class='ocr_line' id='line_1_17' title="bbox 132 1979 1298 2060; baseline 0.001 -23"><span class='ocrx_word' id='word_1_115' title='bbox 132 1995 195 2043; x_wconf 78' lang='lat' dir='ltr'>ures</span> <span class='ocrx_word' id='word_1_116' title='bbox 283 1983 315 2041; x_wconf 87' lang='lat' dir='ltr'>Si</span> <span class='ocrx_word' id='word_1_117' title='bbox 336 1982 392 2042; x_wconf 77' lang='lat' dir='ltr'>huc</span> <span class='ocrx_word' id='word_1_118' title='bbox 414 1984 511 2058; x_wconf 86' lang='lat' dir='ltr'>pudet,</span> <span class='ocrx_word' id='word_1_119' title='bbox 535 1983 638 2044; x_wconf 86' lang='lat' dir='ltr'>fecisse</span> <span class='ocrx_word' id='word_1_120' title='bbox 660 1992 814 2060; x_wconf 87' lang='lat' dir='ltr'>sumptum,</span> <span class='ocrx_word' id='word_1_121' title='bbox 838 1985 962 2058; x_wconf 82' lang='lat' dir='ltr'>sipptici</span> <span class='ocrx_word' id='word_1_122' title='bbox 987 1979 1071 2058; x_wconf 85' lang='lat' dir='ltr'>[ium]</span> <span class='ocrx_word' id='word_1_123' title='bbox 1094 1979 1188 2040; x_wconf 79' lang='lat' dir='ltr'>habet</span> <span class='ocrx_word' id='word_1_124' title='bbox 1211 1982 1298 2039; x_wconf 78' lang='lat' dir='ltr'>eatis,</span> 
     </span>
     <span class='ocr_line' id='line_1_18' title="bbox 201 2086 436 2160; baseline 0 -15"><span class='ocrx_word' id='word_1_125' title='bbox 201 2086 258 2145; x_wconf 80' lang='lat' dir='ltr'>CA.</span> <span class='ocrx_word' id='word_1_126' title='bbox 282 2087 436 2160; x_wconf 78' lang='lat' dir='ltr'><strong>Dispudet.</strong></span> 
     </span>
     <span class='ocr_line' id='line_1_19' title="bbox 404 2183 1241 2262; baseline -0.004 -17"><span class='ocrx_word' id='word_1_127' title='bbox 404 2189 463 2246; x_wconf 82' lang='lat' dir='ltr'>TR.</span> <span class='ocrx_word' id='word_1_128' title='bbox 490 2186 587 2262; x_wconf 83' lang='lat' dir='ltr'>[Post]</span> <span class='ocrx_word' id='word_1_129' title='bbox 610 2190 695 2248; x_wconf 85' lang='lat' dir='ltr'>istam</span> <span class='ocrx_word' id='word_1_130' title='bbox 718 2189 832 2248; x_wconf 80' lang='lat' dir='ltr'>ueniam</span> <span class='ocrx_word' id='word_1_131' title='bbox 855 2188 925 2262; x_wconf 85' lang='lat' dir='ltr'>quid</span> <span class='ocrx_word' id='word_1_132' title='bbox 948 2205 991 2246; x_wconf 86' lang='lat' dir='ltr'>me</span> <span class='ocrx_word' id='word_1_133' title='bbox 1014 2186 1063 2247; x_wconf 89' lang='lat' dir='ltr'>fiet</span> <span class='ocrx_word' id='word_1_134' title='bbox 1083 2183 1241 2245; x_wconf 77' lang='lat' dir='ltr'>nunciam?</span> 
     </span>
     <span class='ocr_line' id='line_1_20' title="bbox 201 2288 901 2364; baseline 0 -15"><span class='ocrx_word' id='word_1_135' title='bbox 201 2292 261 2351; x_wconf 85' lang='lat' dir='ltr'>TH.</span> <span class='ocrx_word' id='word_1_136' title='bbox 285 2288 471 2362; x_wconf 77' lang='lat' dir='ltr'>Verberibus,</span> <span class='ocrx_word' id='word_1_137' title='bbox 489 2293 596 2363; x_wconf 76' lang='lat' dir='ltr'>tutum,</span> <span class='ocrx_word' id='word_1_138' title='bbox 621 2291 741 2351; x_wconf 82' lang='lat' dir='ltr'>caedere</span> <span class='ocrx_word' id='word_1_139' title='bbox 764 2291 901 2364; x_wconf 78' lang='lat' dir='ltr'>pendens.</span> 
     </span>
     <span class='ocr_line' id='line_1_21' title="bbox 859 2389 1263 2465; baseline -0.012 -13"><span class='ocrx_word' id='word_1_140' title='bbox 859 2395 920 2452; x_wconf 90' lang='lat' dir='ltr'>TR.</span> <span class='ocrx_word' id='word_1_141' title='bbox 944 2395 1052 2451; x_wconf 86' lang='lat' dir='ltr'>Temen</span> <span class='ocrx_word' id='word_1_142' title='bbox 1075 2392 1130 2452; x_wconf 86' lang='lat' dir='ltr'>etsi</span> <span class='ocrx_word' id='word_1_143' title='bbox 1150 2389 1263 2465; x_wconf 82' lang='lat' dir='ltr'>pudet?</span> 
     </span>
     <span class='ocr_line' id='line_1_22' title="bbox 202 2475 888 2572; baseline -0.004 -16"><span class='ocrx_word' id='word_1_144' title='bbox 202 2500 260 2556; x_wconf 84' lang='lat' dir='ltr'>TH.</span> <span class='ocrx_word' id='word_1_145' title='bbox 285 2475 450 2558; x_wconf 66' lang='lat' dir='ltr'>interimam</span> <span class='ocrx_word' id='word_1_146' title='bbox 472 2498 570 2558; x_wconf 87' lang='lat' dir='ltr'>hercle</span> <span class='ocrx_word' id='word_1_147' title='bbox 593 2494 650 2572; x_wconf 90' lang='lat' dir='ltr'>[te]</span> <span class='ocrx_word' id='word_1_148' title='bbox 674 2493 738 2570; x_wconf 77' lang='lat' dir='ltr'>ego,</span> <span class='ocrx_word' id='word_1_149' title='bbox 763 2498 788 2554; x_wconf 89' lang='lat' dir='ltr'>si</span> <span class='ocrx_word' id='word_1_150' title='bbox 810 2498 888 2556; x_wconf 89' lang='lat' dir='ltr'>uiuo.</span> 
     </span>
     <span class='ocr_line' id='line_1_23' title="bbox 765 2593 1362 2667; baseline -0.012 -8"><span class='ocrx_word' id='word_1_151' title='bbox 765 2600 839 2659; x_wconf 83' lang='lat' dir='ltr'><strong>·0A.</strong></span> <span class='ocrx_word' id='word_1_152' title='bbox 864 2599 923 2657; x_wconf 76' lang='lat' dir='ltr'>Ftc</span> <span class='ocrx_word' id='word_1_153' title='bbox 945 2598 1030 2656; x_wconf 81' lang='lat' dir='ltr'>istam</span> <span class='ocrx_word' id='word_1_154' title='bbox 1053 2603 1184 2655; x_wconf 77' lang='lat' dir='ltr'><strong>cunctam</strong></span> <span class='ocrx_word' id='word_1_155' title='bbox 1207 2593 1362 2667; x_wconf 73' lang='lat' dir='ltr'>gritiam:</span> 
     </span>
     <span class='ocr_line' id='line_1_24' title="bbox 210 2696 1159 2778; baseline -0.007 -17"><span class='ocrx_word' id='word_1_156' title='bbox 210 2757 212 2761; x_wconf 81' lang='grc'>,</span> <span class='ocrx_word' id='word_1_157' title='bbox 287 2707 394 2766; x_wconf 75' lang='lat' dir='ltr'>Triniu</span> <span class='ocrx_word' id='word_1_158' title='bbox 416 2707 530 2764; x_wconf 75' lang='lat' dir='ltr'>remitte</span> <span class='ocrx_word' id='word_1_159' title='bbox 553 2721 660 2778; x_wconf 81' lang='lat' dir='ltr'>quaeso</span> <span class='ocrx_word' id='word_1_160' title='bbox 683 2704 756 2761; x_wconf 79' lang='lat' dir='ltr'>hauc</span> <span class='ocrx_word' id='word_1_161' title='bbox 779 2700 894 2760; x_wconf 75' lang='lat' dir='ltr'>nexium</span> <span class='ocrx_word' id='word_1_162' title='bbox 918 2700 1005 2758; x_wconf 71' lang='lat' dir='ltr'>cause</span> <span class='ocrx_word' id='word_1_163' title='bbox 1027 2696 1099 2758; x_wconf 81' lang='lat' dir='ltr'>meu.</span> <span class='ocrx_word' id='word_1_164' title='bbox 1155 2724 1159 2731; x_wconf 93' lang='lat'>·</span> 
     </span>
     <span class='ocr_line' id='line_1_25' title="bbox 136 2785 1096 2881; baseline -0.009 -14"><span class='ocrx_word' id='word_1_165' title='bbox 136 2785 379 2867; x_wconf 68' lang='lat' dir='ltr'>nuruique</span> <span class='ocrx_word' id='word_1_166' title='bbox 402 2808 516 2881; x_wconf 87' lang='lat' dir='ltr'>quiduis</span> <span class='ocrx_word' id='word_1_167' title='bbox 539 2807 680 2881; x_wconf 80' lang='lat' dir='ltr'>inpetrari</span> <span class='ocrx_word' id='word_1_168' title='bbox 700 2801 845 2880; x_wconf 77' lang='lat' dir='ltr'>perferam</span> <span class='ocrx_word' id='word_1_169' title='bbox 868 2820 886 2861; x_wconf 77' lang='lat' dir='ltr'>a</span> <span class='ocrx_word' id='word_1_170' title='bbox 907 2819 952 2861; x_wconf 78' lang='lat' dir='ltr'>me</span> <span class='ocrx_word' id='word_1_171' title='bbox 974 2801 1096 2872; x_wconf 72' lang='lat' dir='ltr'>uerutus,</span> 
     </span>
     <span class='ocr_line' id='line_1_26' title="bbox 289 2900 1357 2984; baseline -0.014 -13"><span class='ocrx_word' id='word_1_172' title='bbox 289 2913 380 2984; x_wconf 76' lang='lat' dir='ltr'>Quam</span> <span class='ocrx_word' id='word_1_173' title='bbox 400 2913 432 2969; x_wconf 85' lang='lat' dir='ltr'>ut</span> <span class='ocrx_word' id='word_1_174' title='bbox 448 2927 504 2969; x_wconf 90' lang='lat' dir='ltr'>uon</span> <span class='ocrx_word' id='word_1_175' title='bbox 521 2927 573 2982; x_wconf 79' lang='lat' dir='ltr'>ego</span> <span class='ocrx_word' id='word_1_176' title='bbox 592 2909 680 2967; x_wconf 89' lang='lat' dir='ltr'>istum</span> <span class='ocrx_word' id='word_1_177' title='bbox 690 2905 745 2982; x_wconf 74' lang='lat' dir='ltr'>pre</span> <span class='ocrx_word' id='word_1_178' title='bbox 757 2907 816 2965; x_wconf 85' lang='lat' dir='ltr'>suis</span> <span class='ocrx_word' id='word_1_179' title='bbox 828 2905 913 2964; x_wconf 81' lang='lat' dir='ltr'>factis</span> <span class='ocrx_word' id='word_1_180' title='bbox 925 2900 1068 2979; x_wconf 72' lang='lat' dir='ltr'>pessumis</span> <span class='ocrx_word' id='word_1_181' title='bbox 1080 2902 1195 2976; x_wconf 79' lang='lat' dir='ltr'>pessum</span> <span class='ocrx_word' id='word_1_182' title='bbox 1207 2915 1357 2973; x_wconf 80' lang='lat' dir='ltr'>premam.</span> 
     </span>
     <span class='ocr_line' id='line_1_27' title="bbox 205 3013 624 3088; baseline -0.021 -12"><span class='ocrx_word' id='word_1_183' title='bbox 205 3018 263 3076; x_wconf 82' lang='lat' dir='ltr'>CA.</span> <span class='ocrx_word' id='word_1_184' title='bbox 288 3017 374 3075; x_wconf 85' lang='lat' dir='ltr'>Mitte</span> <span class='ocrx_word' id='word_1_185' title='bbox 398 3031 507 3088; x_wconf 84' lang='lat' dir='ltr'>quaeso</span> <span class='ocrx_word' id='word_1_186' title='bbox 527 3013 624 3070; x_wconf 87' lang='lat' dir='ltr'>istum.</span> 
     </span>
     <span class='ocr_line' id='line_1_28' title="bbox 516 3093 1363 3195; baseline -0.013 -23"><span class='ocrx_word' id='word_1_187' title='bbox 516 3114 576 3172; x_wconf 90' lang='lat' dir='ltr'>TH.</span> <span class='ocrx_word' id='word_1_188' title='bbox 602 3093 699 3188; x_wconf 69' lang='lat' dir='ltr'>[illum</span> <span class='ocrx_word' id='word_1_189' title='bbox 721 3119 754 3171; x_wconf 89' lang='lat' dir='ltr'>ut</span> <span class='ocrx_word' id='word_1_190' title='bbox 776 3107 923 3182; x_wconf 69' lang='lat' dir='ltr'>mittami]</span> <span class='ocrx_word' id='word_1_191' title='bbox 947 3109 1034 3168; x_wconf 87' lang='lat' dir='ltr'>uiden</span> <span class='ocrx_word' id='word_1_192' title='bbox 1055 3113 1089 3166; x_wconf 92' lang='lat' dir='ltr'>ut</span> <span class='ocrx_word' id='word_1_193' title='bbox 1110 3111 1187 3195; x_wconf 82' lang='lat' dir='ltr'>astet</span> <span class='ocrx_word' id='word_1_194' title='bbox 1208 3101 1363 3162; x_wconf 66' lang='lat' dir='ltr'>furcifer?</span> 
     </span>
     <span class='ocr_line' id='line_1_29' title="bbox 206 3214 742 3293; baseline -0.017 -13"><span class='ocrx_word' id='word_1_195' title='bbox 206 3223 265 3280; x_wconf 81' lang='lat' dir='ltr'>CA.</span> <span class='ocrx_word' id='word_1_196' title='bbox 289 3221 404 3291; x_wconf 61' lang='lat' dir='ltr'>Tranio,</span> <span class='ocrx_word' id='word_1_197' title='bbox 431 3214 482 3293; x_wconf 91' lang='lat' dir='ltr'>[si]</span> <span class='ocrx_word' id='word_1_198' title='bbox 506 3217 593 3291; x_wconf 67' lang='lat' dir='ltr'>sepis,</span> <span class='ocrx_word' id='word_1_199' title='bbox 618 3216 742 3290; x_wconf 85' lang='lat' dir='ltr'>quiesce.</span> 
     </span>
     <span class='ocr_line' id='line_1_30' title="bbox 684 3307 1247 3388; baseline -0.011 -14"><span class='ocrx_word' id='word_1_200' title='bbox 684 3317 745 3374; x_wconf 87' lang='lat' dir='ltr'>TH.</span> <span class='ocrx_word' id='word_1_201' title='bbox 769 3316 813 3373; x_wconf 82' lang='lat' dir='ltr'>Tu</span> <span class='ocrx_word' id='word_1_202' title='bbox 837 3315 952 3388; x_wconf 84' lang='lat' dir='ltr'>quiesce</span> <span class='ocrx_word' id='word_1_203' title='bbox 975 3312 1056 3369; x_wconf 80' lang='lat' dir='ltr'>hunc</span> <span class='ocrx_word' id='word_1_204' title='bbox 1070 3307 1132 3368; x_wconf 76' lang='lat' dir='ltr'>rem</span> <span class='ocrx_word' id='word_1_205' title='bbox 1155 3309 1247 3369; x_wconf 86' lang='lat' dir='ltr'>ruodo·</span> 
     </span>
     <span class='ocr_line' id='line_1_31' title="bbox 291 3408 1241 3498; baseline -0.017 -14"><span class='ocrx_word' id='word_1_206' title='bbox 291 3422 411 3485; x_wconf 81' lang='lat' dir='ltr'>Petere:</span> <span class='ocrx_word' id='word_1_207' title='bbox 436 3441 488 3498; x_wconf 82' lang='lat' dir='ltr'>ego</span> <span class='ocrx_word' id='word_1_208' title='bbox 511 3424 601 3494; x_wconf 87' lang='lat' dir='ltr'>illum,</span> <span class='ocrx_word' id='word_1_209' title='bbox 626 3426 658 3480; x_wconf 93' lang='lat' dir='ltr'>ut</span> <span class='ocrx_word' id='word_1_210' title='bbox 679 3418 718 3478; x_wconf 86' lang='lat' dir='ltr'>sit</span> <span class='ocrx_word' id='word_1_211' title='bbox 740 3418 863 3492; x_wconf 74' lang='lat' dir='ltr'>quietus,</span> <span class='ocrx_word' id='word_1_212' title='bbox 882 3411 1058 3473; x_wconf 77' lang='lat' dir='ltr'>uerberibus</span> <span class='ocrx_word' id='word_1_213' title='bbox 1081 3408 1241 3485; x_wconf 76' lang='lat' dir='ltr'>subegere.</span> 
     </span>
    </p>
   </div>
   <div class='ocr_carea' id='block_1_3' title="bbox 140 3520 1144 3697">
    <p class='ocr_par' dir='ltr' id='par_1_3' title="bbox 140 3520 1144 3697">
     <span class='ocr_line' id='line_1_32' title="bbox 207 3520 643 3601; baseline -0.016 -12"><span class='ocrx_word' id='word_1_214' title='bbox 207 3533 266 3589; x_wconf 85' lang='lat' dir='ltr'>TR.</span> <span class='ocrx_word' id='word_1_215' title='bbox 290 3527 371 3586; x_wconf 84' lang='lat' dir='ltr'>Nihil</span> <span class='ocrx_word' id='word_1_216' title='bbox 394 3533 480 3601; x_wconf 85' lang='lat' dir='ltr'>opust</span> <span class='ocrx_word' id='word_1_217' title='bbox 501 3520 643 3600; x_wconf 70' lang='lat' dir='ltr'>profecto.</span> 
     </span>
     <span class='ocr_line' id='line_1_33' title="bbox 140 3617 1144 3697; baseline -0.018 -5"><span class='ocrx_word' id='word_1_218' title='bbox 140 3643 203 3694; x_wconf 79' lang='lat'>1175</span> <span class='ocrx_word' id='word_1_219' title='bbox 586 3627 644 3685; x_wconf 85' lang='lat' dir='ltr'>CA.</span> <span class='ocrx_word' id='word_1_220' title='bbox 669 3627 730 3697; x_wconf 81' lang='lat' dir='ltr'>Age</span> <span class='ocrx_word' id='word_1_221' title='bbox 752 3622 809 3680; x_wconf 82' lang='lat' dir='ltr'>iam</span> <span class='ocrx_word' id='word_1_222' title='bbox 833 3620 895 3678; x_wconf 84' lang='lat' dir='ltr'>siue</span> <span class='ocrx_word' id='word_1_223' title='bbox 919 3619 967 3678; x_wconf 89' lang='lat' dir='ltr'>ted</span> <span class='ocrx_word' id='word_1_224' title='bbox 990 3617 1144 3678; x_wconf 72' lang='lat' dir='ltr'>exorerier.</span> 
     </span>
    </p>
   </div>
   <div class='ocr_carea' id='block_1_4' title="bbox 0 0 1509 4396">
    <p class='ocr_par' dir='ltr' id='par_1_4' title="bbox 0 0 1509 4396">
     <span class='ocr_line' id='line_1_34' title="bbox 0 0 1509 4396; baseline 0 0"><span class='ocrx_word' id='word_1_225' title='bbox 0 0 1509 4396; x_wconf 95' lang='lat' dir='ltr'> </span> 
     </span>
    </p>
   </div>
  </div>
 </body>
</html>
