2978 4396
232 289 274 352 84

835 293 888 364 ΙΙΙ,
913 293 940 365 3,
966 292 1099 350 21-28.
1122 290 1173 365 IV,
1199 294 1226 364 2,
1250 289 1348 348 24-31

232 463 292 521 ΤΗ.
314 449 405 534 sigon
429 479 481 535 aps
504 469 532 524 te
554 463 647 521 ausim
668 461 726 520 nin
748 477 862 533 cauere,
885 463 921 521 me
945 461 1015 536 qnid
1037 461 1215 521 committam
1235 459 1304 519 tibi?

163 581 211 626 925
229 564 291 624 TR.
314 566 389 637 Quin
401 565 455 623 tibi
466 581 620 638 numquam
633 565 795 639 quicquam,
803 572 958 639 postquam
970 567 1035 624 trios
1047 581 1119 637 sum,
1127 562 1279 655 uerberim
1290 558 1353 621 deii?

230 668 292 729 TH.
313 654 378 740 Ego
401 667 475 726 enim
498 667 564 725 caui
586 666 675 725 recte.

627 767 689 825 TR.
712 767 786 825 Eam
809 767 895 827 debes
917 765 1042 840 gritiam
1063 767 1160 827 hercle
1182 765 1278 826 animi
1298 780 1355 824 mec

230 872 291 929 ΤΗ.
315 873 366 930 sat
388 872 479 944 sapio,
503 871 528 928 si
549 886 602 944 aps
624 871 654 928 te
677 869 762 929 modo
786 886 842 929 unc
865 870 963 928 caneo.

926 971 986 1028 ΤΒ.
1011 971 1118 1030 Tecum
1140 971 1245 1030 santio.
1273 1022 1276 1026 .

231 1077 292 1134 ΤΗ.
315 1075 398 1133 Nrinc
420 1075 468 1133 abi
490 1091 555 1132 rus:
579 1074 625 1132 dic
647 1091 692 1133 me
715 1071 868 1134 aduenisse
890 1072 964 1133 filio.

909 1177 969 1233 TR.
992 1176 1112 1234 Faciam
1134 1177 1168 1233 rit
1189 1175 1282 1234 iubes.

230 1278 290 1335 ΤΗ.
314 1278 464 1339 Curriculo
486 1279 553 1338 iube
576 1280 605 1337 in
627 1278 727 1337 urbem
749 1279 850 1337 ueniat
870 1279 927 1336 iam
950 1278 1042 1337 semul
1063 1279 1169 1337 tecrim.

162 1400 212 1444 930

1107 1380 1168 1438 TR.
1191 1379 1285 1438 Licet.

314 1482 397 1540 Nunc
420 1500 472 1556 ego
495 1500 539 1541 me
561 1484 629 1541 illac
650 1483 704 1556 per
725 1483 867 1555 posticum
889 1483 927 1540 ad
949 1480 1140 1554 cengermnes
1163 1479 1323 1540 censerem:

314 1587 425 1657 Dicam,
449 1592 482 1643 ut
502 1584 550 1642 hic
572 1601 617 1644 res
640 1585 698 1643 sint
719 1584 834 1657 quietae
856 1590 944 1657 atque
966 1582 1042 1641 hunc
1065 1590 1097 1642 ut
1117 1583 1185 1641 hinc
1204 1581 1369 1643 amiuerim.

229 1688 289 1746 PH.
312 1688 366 1745 Hic
389 1687 504 1762 quidem
526 1703 619 1760 neque
642 1684 831 1745 cenninarun
853 1685 986 1757 sinitust
1011 1686 1081 1745 item
1103 1692 1136 1744 ut
1159 1685 1283 1745 antehac
1305 1684 1372 1745 init:

314 1789 417 1864 Neque
438 1785 588 1848 tibicinam
610 1795 775 1848 cantantem
797 1789 892 1862 neque
915 1789 1003 1847 alium
1028 1805 1201 1862 quemquam
1223 1788 1321 1848 aridio.

230 1894 291 1951 TH.
315 1893 395 1965 Quae
416 1894 501 1951 illaec
522 1909 568 1950 res
591 1890 656 1951 est?
679 1892 749 1965 qnid
770 1892 861 1950 illisce
884 1890 1012 1951 homines
1036 1891 1180 1965 quaerunt
1201 1891 1282 1964 apud

163 2013 211 2057 935

1173 1993 1255 2053 aedis
1278 1991 1375 2053 meas?

315 2054 531 2168 Quiduolunt?
555 2096 625 2171 quid
647 2096 881 2171 introspectent?

806 2199 896 2256 ADV.
920 2199 1044 2270 Pergam
1066 2198 1181 2271 pultare
1204 2195 1322 2255 (istium.

314 2303 401 2375 Heia,
424 2302 556 2362 reclude:
579 2301 660 2373 hena,
683 2302 798 2371 Tranio,
823 2301 946 2360 etiamne
968 2298 1086 2374 aperis?

903 2403 965 2461 ΤΗ.
988 2403 1069 2474 Quae
1092 2402 1164 2461 haec
1187 2408 1231 2461 est
1252 2398 1376 2460 fabula?

231 2509 319 2564 ADV.
344 2494 478 2566 Etiamne
500 2505 618 2580 aperis?
641 2505 824 2565 callidamati
846 2504 946 2564 mistro
970 2505 1125 2564 aduersum
1147 2503 1290 2564 uenimus,

231 2610 292 2667 TH.
316 2611 392 2667 Heus
415 2626 475 2680 uos,
499 2610 591 2683 pueri,
615 2608 685 2683 quid
706 2609 772 2667 istic
794 2607 904 2681 agitis?
927 2608 997 2681 quid
1019 2609 1090 2666 istas
1114 2605 1193 2666 aedis
1216 2598 1374 2680 frangitis?

163 2730 213 2772 940
231 2711 320 2770 ΛΒΤ.
366 2705 381 2739 *
427 2727 479 2770 nec
502 2712 566 2784 quis
588 2718 620 2769 tu
641 2711 828 2784 percontator

316 2807 331 2839 ’k

316 2911 331 2943 *

317 3014 332 3047 *

316 3115 331 3148 *

316 3219 331 3251 *

419 2806 434 2841 *

419 2911 434 2943 *

420 3013 435 3046 *

420 3113 435 3144 *

420 3218 435 3251 *

935 2704 951 2738 =i¹
1039 2703 1055 2737 *
1142 2703 1158 2736 *
1246 2701 1263 2736 *
1357 2702 1372 2736 *

523 2807 538 2841 *
626 2807 641 2840 *
720 2798 744 2840 ’*
832 2805 847 2840 *
936 2806 951 2840 *
1049 2809 1174 2871 triennit
1195 2810 1289 2870 bonus

522 2911 537 2944 *
626 2910 640 2942 *
729 2910 744 2943 *
805 2932 878 2988 quae
933 2909 949 2943 *
1037 2907 1053 2942 *
1140 2907 1156 2941 *
1244 2912 1347 2973 aridius

523 3011 539 3045 *
627 3012 642 3045 *
730 3011 745 3045 *
806 3016 876 3090 quid
897 3017 940 3074 ais
964 3017 1088 3076 animula
1144 3010 1160 3044 *
1248 3009 1264 3044 *
1357 3010 1372 3044 *

523 3115 537 3146 '¹‘
626 3114 641 3147 *
727 3119 783 3178 hnc
806 3118 923 3193 quidem
946 3125 991 3177 est

523 3215 612 3300 (TH.)
636 3221 688 3281 sed
710 3220 884 3295 quidnobis
908 3220 952 3279 est
973 3221 1071 3293 negoti
1093 3219 1162 3278 hic?

1106 3322 1165 3380 ΡΗ.
1189 3307 1331 3396 Eloquar.

1142 3111 1158 3146 *
1246 3112 1262 3147 *
1357 3112 1373 3146 *

315 3413 391 3485 Erus
413 3426 461 3485 hic
483 3434 581 3486 noster
601 3425 693 3501 petat.

638 3529 697 3586 TH.
721 3529 797 3586 Erus
820 3528 866 3586 hic
888 3527 988 3586 uester
1009 3525 1112 3600 potat?
1146 3604 1154 3622 Ι

1058 3627 1119 3686 ΡΗ.
1141 3625 1186 3687 lta
1208 3631 1322 3704 loquor.
