2978 4396
1167 282 1221 355 111,
1248 280 1274 353 1,
1301 237 1410 340 1420

694 967 864 1037 news
898 967 965 1037 iii.

463 1245 643 1305 DANISTA.
688 1246 996 1308 THEOPROPIDES.
1042 1249 1197 1310 TRANIO.

259 1382 323 1441 DA.
347 1377 549 1441 Scelestiorem
572 1399 624 1455 ego
647 1382 752 1440 dunum
774 1389 893 1455 argento
915 1379 1029 1444 faenori

343 1482 507 1557 Numquam
529 1485 619 1542 ullum
641 1483 710 1556 uidi,
735 1501 819 1557 qnam
842 1483 889 1542 hic
912 1485 981 1543 mihi
1003 1503 1093 1545 annus
1117 1484 1235 1560 dptigit.

344 1587 370 1644 A
392 1587 469 1657 meni
491 1585 528 1643 ed
550 1592 661 1644 nostem
684 1603 774 1658 usqne
796 1585 826 1643 in
848 1586 910 1646 foro
934 1586 1006 1660 degd
1030 1587 1121 1647 diem:

193 1689 240 1734 ⁵³⁵
344 1687 455 1746 Loedre
478 1668 591 1760 urgenti
613 1683 721 1745 nemini
744 1691 887 1746 nummdm
911 1707 992 1763 queo.
1184 1749 1186 1753 .

259 1788 321 1851 TR.
342 1788 426 1847 Nune
447 1787 498 1862 pdl
521 1807 573 1861 ego
595 1789 670 1861 perii
691 1791 776 1862 plene
798 1791 827 1847 in
849 1789 1019 1864 perpetndm
1042 1791 1165 1850 modum.

343 1889 467 1949 Danista
489 1891 578 1962 adest,
603 1891 653 1964 qui
675 1887 758 1950 dedit
780 1890 942 1965 [argentum
964 1889 1100 1972 iaenloriJ,

344 1993 400 2063 Qui
422 1989 543 2050 amicast
565 1999 660 2066 empta
684 1991 799 2066 qudque
823 1991 907 2067 [opus
930 1995 959 2051 in
980 1996 1111 2068 sumptus
1133 1989 1212 2067 fuit}

343 2090 511 2151 Manufdsta
532 2111 577 2152 res
601 2100 652 2166 est,
675 2092 732 2151 nisi
755 2095 824 2167 qnid
846 2093 966 2154 occurrd
989 2097 1078 2168 prius,

326 2187 405 2251 Ἠοο
427 2190 464 2252 nd
487 2213 572 2254 senex
594 2193 741 2254 resciscat.
764 2196 812 2255 ibo
835 2196 901 2254 huie
926 2195 1050 2255 dbuiam.

344 2296 402 2373 Sed
424 2295 560 2369 quidnam
582 2296 629 2355 hio
651 2315 712 2356 sese
735 2299 793 2356 tem
816 2299 873 2358 cito
895 2296 1000 2372 recipit
1021 2296 1157 2356 domum?

344 2395 445 2456 Metud
468 2415 502 2456 ne
526 2399 560 2457 de
581 2397 636 2456 hac
657 2416 688 2457 re
712 2398 860 2473 quippiam
882 2398 1086 2458 indaudiuerit.

343 2495 489 2557 Accedam
512 2506 598 2572 atque
621 2499 781 2573 adpeliebo.
806 2501 840 2572 ei,
866 2517 950 2573 qnam
974 2499 1061 2559 timed
1084 2501 1178 2559 miser.

343 2599 424 2658 Nihil
447 2597 492 2658 est
509 2601 653 2673 miserius,
678 2619 762 2674 quem
785 2602 894 2659 dnimus
916 2601 1038 2661 hominis
1061 2599 1201 2673 edu-scius,

343 2702 425 2783 Sient
446 2720 490 2761 me
512 2701 601 2761 habet
623 2699 733 2776 [nnnc].
757 2699 859 2761 uerum
881 2709 946 2761 utut
966 2721 1012 2762 res
1034 2699 1099 2762 sese
1120 2701 1216 2774 habet,

343 2803 464 2875 Pergdm
487 2803 603 2863 turbare
624 2802 728 2878 pdrro:
752 2805 793 2862 ite
815 2803 886 2862 haec
908 2822 953 2863 res
975 2803 1112 2878 pdstuiat.

344 2904 424 2964 Vnde
446 2903 493 2964 is?

432 3008 492 3065 ΤΗ.
518 3006 645 3066 Conueni
667 3009 755 3080 illum,
780 3007 855 3067 dnde
877 3007 963 3066 hasce
985 3007 1064 3065 aedis
1088 3003 1222 3066 emeram.

147 3113 150 3118 '
259 3110 320 3167 ΤΒ.
342 3107 490 3182 Numquid
513 3109 609 3168 dixisti
632 3109 666 3168 de
689 3107 748 3181 ille,
774 3109 851 3183 quod
873 3106 932 3167 dixi
956 3107 1031 3166 tibi?

259 3210 320 3267 ΤΗ.
342 3209 411 3267 Dixi
432 3207 530 3270 hercle
552 3229 621 3270 uero
645 3209 706 3286 [ea]
730 3211 835 3270 dmnia.

765 3315 824 3372 TR.
848 3313 885 3370 Ei
907 3309 1011 3370 miserd
1034 3310 1136 3380 mihi:¹

192 3427 241 3473 550
343 3411 444 3472 Metnd
466 3431 501 3473 ne
524 3413 654 3474 techinae
677 3411 758 3473 meae
779 3421 919 3488 perpetuo
941 3408 1089 3487 perierinu

259 3515 319 3572 ΤΗ.
343 3515 418 3586 Quid
440 3513 502 3574 tute
525 3515 641 3575 tecum?

583 3618 643 3675 TR.
666 3617 746 3676 Nihil
769 3619 853 3680 enim.
875 3615 926 3675 sed
947 3612 994 3672 dic
1016 3614 1103 3672 mihi:
