2978 4396
222 284 260 347 16
841 303 843 307 ¹
1134 290 1155 360 1,
1182 290 1208 361 a,
1235 286 1360 348 14-40

150 469 202 516 170
219 457 345 518 PHILO.
368 459 414 516 ita
437 458 481 516 me
505 457 534 514 di
557 465 659 525 ament,
684 459 808 531 lepidast
830 457 962 530 Scapha:
986 458 1064 530 sapit
1085 459 1206 516 scelesta
1229 460 1359 517 miiitum.

304 560 343 617 Vt
363 560 458 633 lepida
482 560 572 618 omnis
595 561 688 617 nrores
711 566 790 618 tenet
812 560 1026 633 sententiasque
1057 560 1210 617 amantum.

221 661 347 719 PHILE.
373 661 447 732 Quid
469 659 566 718 nino?

415 763 468 826 Sjc.
492 763 566 833 Quid
589 761 653 820 est?

415 861 543 922 PHILE.
567 865 641 935 Quin
653 883 697 924 me
709 866 806 938 aspice
818 871 847 924 et
859 866 1030 940 contempla,
1043 871 1076 923 ut
1093 865 1165 925 haec
1184 883 1228 923 me
1248 865 1357 923 deceat.

221 964 274 1025 SG.
297 967 411 1025 Virtitc
433 964 540 1025 formae
563 967 593 1024 id
616 967 720 1038 euenit,
745 975 773 1026 te
796 974 829 1025 ut
851 966 953 1026 deceat
976 968 1113 1040 quicquid
1135 967 1252 1025 habeas.

221 1067 349 1125 PHILO.
369 1068 447 1140 Ergo
461 1067 497 1126 oh
510 1069 584 1126 istuc
595 1068 714 1127 uerbum
724 1070 760 1141 te,
771 1069 893 1141 Scapha,
905 1069 1016 1127 donabo
1029 1086 1081 1141 ego
1093 1065 1242 1142 ho[ce]die
1261 1068 1359 1142 iliqui,

156 1184 203 1231 175
307 1170 407 1242 Neque
428 1170 525 1243 patiar
546 1178 574 1229 te
597 1172 689 1228 istanc
712 1172 813 1243 gratiis
836 1171 977 1244 laudasse,
1002 1188 1075 1244 quae
1095 1171 1192 1244 placet
1215 1171 1263 1227 mi.

224 1270 350 1329 PHILE.
374 1271 448 1331 Nolo
471 1273 524 1345 ego
547 1279 575 1331 te
598 1273 744 1332 adsentari
766 1273 845 1330 mihi.

734 1374 786 1434 SC.
811 1375 902 1455 Nimis
925 1376 956 1432 tri
979 1375 1093 1448 quidem
1116 1373 1227 1432 stulta’s
1250 1374 1361 1432 muilier.

307 1476 380 1548 Eho,
406 1459 469 1550 [an]
493 1476 584 1534 mauis
606 1477 799 1549 uituperarier
820 1475 893 1535 falso
917 1484 1001 1550 quani
1024 1494 1093 1535 uero
1116 1474 1235 1535 extolli?

308 1578 451 1651 Equidem
474 1579 523 1652 pol
545 1580 592 1637 uel
613 1577 688 1636 falso
710 1586 805 1638 tamen
827 1580 941 1637 laudari
963 1580 1051 1638 multo
1075 1579 1157 1648 malo,

157 1697 206 1740 rso
309 1681 399 1751 Quam
421 1679 491 1740 uero
515 1681 626 1754 culpari
649 1683 699 1739 aiut
720 1699 811 1740 meam
834 1683 959 1755 speciem
982 1682 1052 1739 alios
1075 1679 1211 1738 inridere.

224 1783 352 1841 PHILE.
376 1785 440 1855 Ego
462 1784 563 1842 uerum
586 1801 665 1843 amo:
689 1787 789 1855 uerum
811 1786 877 1844 uolo
900 1784 970 1841 mihi
992 1784 1065 1842 dici:
1089 1783 1254 1842 mendacem
1276 1780 1335 1839 odi.

225 1885 277 1945 SC.
300 1887 346 1943 Ita
368 1888 399 1944 tri
421 1903 465 1944 me
489 1903 575 1958 ames,
598 1887 640 1944 ita
662 1886 844 1945 Philolaches
867 1894 931 1945 tuos
954 1887 983 1944 te
1006 1892 1090 1958 amet,
1115 1891 1147 1944 ut
1168 1883 1323 1943 uemista's.

224 1986 349 2045 PHILO.
365 1988 439 2058 Quid
451 1989 502 2060 ais,
516 1987 657 2047 scelesta?
670 1986 813 2061 quomodo
825 1987 988 2047 adiurasti‘?
999 1990 1041 2046 ita
1053 2006 1105 2060 ego
1117 1990 1202 2046 istam
1215 1983 1364 2044 amarem?

156 2106 204 2149 184
309 2089 402 2160 Quid?
426 2089 477 2148 ‘ita
495 2090 567 2150 haec
586 2090 638 2149 mc’
651 2091 681 2148 id
699 2108 771 2164 quor
790 2108 845 2149 nou
866 2089 1043 2149 additumst‘?
1065 2089 1172 2148 iniecta
1191 2087 1362 2147 donaiicio.

157 2207 204 2251 rac
224 2191 276 2250 SG.
300 2192 443 2264 Equidem
465 2194 516 2266 pol
538 2194 626 2251 miror
649 2193 706 2250 tam
730 2199 831 2264 catam,
850 2199 908 2250 tam
927 2191 1039 2251 doctam
1060 2199 1089 2251 et
1105 2192 1177 2250 hene
1190 2199 1217 2250 te
1230 2191 1364 2250 edictam

307 2292 391 2351 Nunc
413 2295 530 2352 stultam
553 2295 640 2375 stulte
661 2293 766 2353 facere.

638 2396 766 2454 PHILE.
791 2397 866 2467 Quin
889 2413 971 2455 mone
994 2396 1111 2468 quaeso,
1142 2396 1167 2453 si
1195 2395 1265 2468 quid
1287 2395 1363 2454 erro.

225 2496 277 2556 SC.
301 2498 345 2556 Tu
367 2499 480 2557 ecastor
502 2516 591 2580 erras,
615 2499 689 2571 quae
713 2498 828 2571 quidem
851 2500 931 2556 illum
954 2498 1071 2571 exoptes
1094 2516 1180 2556 uuum
1204 2506 1290 2570 atque
1320 2497 1365 2555 illi

308 2601 420 2659 Morem
442 2603 598 2675 praecipue
621 2602 662 2659 sic
685 2618 767 2673 geras
791 2608 877 2673 atque
900 2601 970 2660 alios
994 2602 1157 2674 aspernere.

136 2720 205 2762 rao
307 2701 469 2774 Matronae,
492 2722 547 2763 nou
571 2705 802 2780 meretriciumst,
826 2722 913 2760 unum
936 2704 1075 2762 inseruire
1098 2704 1249 2760 amantem.

224 2804 349 2863 PHILO.
373 2806 431 2864 Pro
453 2807 592 2879 Iippiter,
616 2823 682 2863 nam
704 2804 782 2879 quod
800 2807 905 2862 malum
925 2806 1059 2863 uorsatur
1076 2821 1155 2863 meae
1177 2804 1252 2862 domi
1269 2801 1364 2860 illud?

308 2908 347 2965 Di
369 2906 498 2980 deaeque
521 2924 617 2967 omnes
640 2925 686 2966 me
707 2908 848 2981 pessumis
873 2907 1010 2980 exemplis
1032 2904 1217 2977 interficiant,

307 3008 372 3067 Nisi
394 3010 448 3082 ego
470 3011 549 3068 illam
571 3027 656 3068 anum
677 3008 849 3068 interfecero
872 3009 920 3066 siti
942 3007 1074 3080 fameque
1097 3014 1184 3081 atque
1206 3008 1283 3079 algu.

224 3111 352 3170 PHILE.
375 3110 450 3171 Nolo
473 3112 527 3185 ego
549 3111 619 3169 mihi
641 3113 714 3170 male
736 3112 774 3184 te,
799 3111 921 3185 Scapha,
945 3111 1122 3184 praecipere.

255 3220 257 3227 '
1051 3212 1103 3273 SC.
1128 3209 1245 3269 Stulta's
1267 3209 1363 3282 plane,

157 3333 204 3376 195
308 3315 387 3386 Quae
410 3317 490 3373 ilhim
512 3316 566 3373 tihi
587 3317 734 3374 aeternim
756 3322 839 3389 putes
862 3313 923 3374 iore
943 3315 1065 3372 amicum
1083 3321 1111 3373 et
1128 3312 1356 3371 beneuolentem.

308 3418 413 3477 Moneo
437 3418 489 3490 ego
512 3425 556 3476 te:
580 3423 609 3477 te
630 3419 680 3477 ille
703 3418 817 3476 deseret
838 3418 932 3476 aetate
954 3423 984 3475 et
1005 3416 1147 3495 satietate.

223 3519 352 3577 PHILE.
374 3519 439 3579 Non
461 3520 555 3594 spero.

427 3622 480 3699 SC.
502 3623 653 3695 Insperata
675 3622 810 3680 accidunt
831 3622 923 3694 magis
945 3621 1033 3694 saepe
1057 3637 1142 3692 quam
1162 3636 1234 3703 quae
1253 3617 1364 3691 speres.

158 3794 204 3839 185
309 3785 417 3839 Periisti
433 3783 520 3853 :quod
537 3786 711 3853 promiseram
728 3785 777 3838 tibi
794 3783 872 3853 dono,
890 3782 1037 3852 perdidisti.
1131 3813 1133 3817 >
