2978 4396
186 258 227 321 92
1101 263 1151 336 111,
1176 265 1204 335 0,
1230 264 1338 321 0-20

186 434 246 491 TH.
270 434 350 504 Hem,

236 568 239 582 ·
270 534 393 595 Nouom.

233 660 236 667 ·
360 637 404 695 81.
429 612 525 696 Unum
547 636 609 696 uidi
631 636 773 696 mdrtuom
797 635 900 697 ecferri
922 636 1018 696 foras:

270 721 359 799 Modo
383 740 448 798 dum
470 740 577 799 uixisse
601 739 727 797 aiebant.

678 843 738 899 TH.
762 843 822 902 Vae
845 843 935 916 capiti
958 849 1017 902 tuo.

186 944 231 1001 Sl.
269 943 345 1016 Quid
368 951 398 1002 tu
422 943 532 1003 otiosus
554 943 602 1002 res
625 960 715 1003 nouas
737 944 917 1017 requirims?

186 1047 246 1104 TH.
271 1046 347 1117 Quia
366 1044 453 1105 hodie
476 1045 581 1105 adueni
602 1046 735 1119 peregre.

699 1148 744 1205 81.
767 1147 891 1208 Promisi
913 1145 1004 1209 fores:

120 1268 183 1314 1005
270 1248 317 1309 Ad
339 1250 439 1309 oenum
463 1267 500 1323 m
520 1267 565 1311 me
587 1251 617 1308 te
639 1266 745 1310 uocare
768 1250 896 1309 censeas.

187 1352 246 1410 TH.
270 1353 334 1410 Hau
357 1351 472 1425 postulo
497 1352 608 1426 edepol.

564 1455 609 1513 81.
633 1455 741 1513 Vtrum
764 1471 836 1526 cres,
860 1455 916 1512 nisi
940 1451 1032 1528 [quis]
1055 1454 1137 1527 prius

270 1557 428 1616 Voeduerit
449 1573 502 1629 mo,
526 1556 574 1615 uel
598 1556 673 1630 apud
697 1563 726 1616 te
749 1557 900 1616 contuero.

185 1659 246 1716 TH.
269 1657 314 1716 Ne
337 1659 411 1716 istrie
434 1658 550 1731 quidem
573 1658 676 1731 edepol
697 1656 823 1731 postulo.
847 1659 902 1716 nisi
925 1657 995 1731 quid
1017 1658 1108 1729 magis

270 1761 310 1818 Es
335 1759 501 1834 occupatus,
526 1759 644 1834 dperem
667 1761 736 1818 mihi
759 1760 805 1845 du.

761 1863 805 1920 Sl.
828 1862 973 1921 deume.

120 1966 247 2030 1010TH.
261 1965 363 2023 Mints
387 1964 579 2036 quadraginta
601 1964 749 2038 decepisti,
774 1963 853 2039 qudd
875 1965 973 2035 seiam,

270 2069 296 2124 A
319 2065 537 2126 Philolachete?

343 2178 345 2182 ’
494 2169 538 2226 81.
561 2167 726 2242 Nquuem
749 2186 903 2241 nummum,
928 2166 1006 2242 quod
1028 2169 1127 2226 solum.

187 2272 248 2329 TH.
273 2270 356 2342 Quid,
382 2288 399 2327 a
421 2271 564 2331 Trtnione
587 2270 695 2330 seruo?

659 2373 703 2432 81.
725 2373 820 2433 Multo
845 2369 968 2448 [hercle]
992 2371 1023 2430 ld
1045 2372 1147 2430 minus.

188 2476 248 2533 TH.
274 2476 351 2548 Quas
375 2473 512 2536 drraboui
534 2475 588 2534 tlbi
611 2474 712 2534 dedit?

662 2576 706 2636 81.
730 2577 806 2649 Quid
828 2575 976 2636 somnies?

189 2679 249 2735 TH.
274 2679 396 2750 Egone?
420 2680 449 2738 tt
472 2680 588 2754 quidem
611 2687 651 2753 tu,
676 2681 726 2753 qui
748 2680 822 2739 istos
845 2686 872 2738 te
896 2679 995 2752 sperds
1017 2677 1102 2737 modo

123 2791 187 2837 1015
274 2780 394 2840 Potdsse
418 2781 625 2842 dissimuldndo
648 2781 784 2840 infectum
807 2780 861 2840 hoo
883 2780 1014 2840 reddere.

190 2881 233 2939 81.
273 2883 348 2954 Quid
372 2882 487 2942 adtem?

437 2987 498 3043 TH.
522 2985 606 3056 Quod
628 3002 673 3044 me
696 2985 815 3059 apsente
837 2984 884 3043 hio
908 2991 1002 3044 tecum
1024 2984 1102 3043 fssius

276 3085 381 3158 Negoti
403 3088 502 3160 gessit.

124 3200 188 3247 1011
265 3214 268 3219 ⁴
458 3190 502 3249 Sl.
525 3190 642 3248 Mecum
663 3197 697 3247 ut
717 3190 766 3248 ille
789 3187 835 3246 hio
857 3189 989 3260 gesserit,

115 3311 183 3351 rurs.
197 3313 247 3350 rom
274 3291 350 3349 Dum
373 3298 404 3350 tu
426 3292 493 3352 hine
515 3292 593 3365 obeS,
617 3291 715 3365 negoti
738 3291 800 3349 -‘?
824 3290 982 3365 quidnam?
1005 3297 1056 3350 aut
1077 3289 1135 3365 quo
1158 3289 1227 3350 die?

117 3392 257 3452 uom'ffl.
276 3390 373 3450 Minds
396 3395 449 3452 tibi
471 3395 620 3467 octoginta
641 3395 753 3467 argenti
775 3392 878 3453 debeo.
903 3428 904 3432 =

192 3494 237 3553 81.
273 3493 338 3552 Non
360 3496 431 3554 mihi
453 3495 568 3570 quidem
590 3495 702 3554 hercle:
726 3495 827 3554 utrum
851 3495 876 3552 si
898 3493 995 3565 debes,
1018 3494 1099 3555 cedo.
1129 3552 1132 3559 .

277 3597 366 3656 Fides
389 3599 577 3659 seruoludast:
601 3614 636 3656 ne
658 3597 701 3656 ire
715 3596 830 3656 infitias
851 3595 991 3670 postules.

120 703 184 749 1001
