2978 4396
666 996 822 1067 AGTVS
853 998 875 1065 1.

549 1273 742 1332 GRVMIO.
789 1276 978 1335 TRANIO.

193 1442 254 1501 GR.
280 1441 336 1498 Exi
358 1441 374 1499 e
397 1442 491 1499 colina
513 1441 551 1499 sis
574 1441 660 1514 foraS,
684 1445 825 1518 mastigia,

278 1544 333 1614 Qui
355 1544 394 1600 mi
416 1544 490 1602 inter
511 1546 625 1617 patinas
649 1544 746 1604 exibes
770 1549 908 1619 argitias.

276 1641 433 1717 Egredere,
458 1645 535 1703 erilis
557 1645 709 1718 pernicies,
734 1665 769 1706 ex
791 1645 921 1707 aedibus.

276 1747 339 1819 Ego
362 1744 411 1819 pel
434 1752 462 1804 te
484 1747 553 1817 ruri,
577 1746 601 1803 si
624 1748 729 1819 uiuam,
753 1750 877 1807 ulciscer
897 1750 997 1823 probe.

157 1867 171 1912 5
275 1849 332 1907 Exi
354 1848 479 1919 inquam,
503 1847 594 1919 nidor,
619 1848 635 1906 e
658 1849 760 1906 colina.
785 1842 854 1922 quid
876 1850 972 1909 lates?

191 1953 251 2010 ΤΒ.
275 1951 351 2022 Quid
372 1949 434 2019 tibi,
458 1949 571 2019 malum,
595 1947 642 2006 hic
665 1951 833 2009 antecedis
857 1953 1061 2012 clamitatiost?

275 2055 319 2111 An
342 2052 403 2110 miri
426 2067 522 2108 censes
546 2057 574 2108 tc
597 2049 680 2109 esse?
703 2051 824 2125 apscede
847 2054 883 2111 ab
906 2054 1052 2112 aedibus

275 2154 331 2213 Abi
354 2155 418 2211 res:
442 2150 491 2208 abi
514 2150 648 2210 dierecte.
672 2153 794 2226 apscede
818 2155 854 2212 ab
877 2155 975 2214 ienua.

121 2276 180 2322 opo
273 2257 345 2314 Em:
369 2251 471 2313 hocine
494 2253 633 2312 nolebas?

567 2357 628 2414 GR.
652 2355 739 2413 Perii.
764 2331 838 2428 quo'r'
859 2375 903 2416 me
925 2358 1084 2418 uerbenas?

190 2459 251 2516 ΤΗ.
275 2459 348 2529 Quia
370 2457 478 2515 trinis.

414 2561 476 2619 GR.
499 2545 607 2616 Pa‘tiar.
630 2558 692 2616 sine
715 2559 798 2630 modo
822 2547 958 2619 a'dueniem
979 2577 1082 2619 senex:

274 2660 340 2719 Sine
363 2659 448 2719 medo
471 2631 569 2718 uenife
591 2661 710 2730 seluom,
731 2677 815 2732 quem
831 2644 980 2734 apsentem
997 2677 1100 2720 comes.

187 2762 249 2820 TR.
272 2761 332 2820 Nec
355 2762 417 2819 ueri
440 2761 530 2820 simile
552 2760 670 2833 lequere
694 2764 875 2834 nocuerim,
899 2761 1009 2821 frutex:

273 2863 406 2923 Comesse
419 2879 590 2935 quemquam
604 2868 637 2919 ut
647 2863 798 2934 quisquam
813 2871 960 2936 apsentem
972 2862 1101 2937 pessiet?

139 2975 169 3021 1⁵
190 2967 251 3025 GR.
275 2966 318 3022 Tu
340 2963 465 3022 urbanus
488 2981 557 3023 uero
580 2966 689 3036 scrirra,
712 2964 833 3032 deliciae
856 2966 945 3039 popli,

271 3068 331 3124 Rus
355 3065 425 3122 mihi
446 3072 478 3123 tn
501 3065 648 3124 obiectas?
671 3066 738 3125 sane
760 3066 814 3124 hoc
837 3066 931 3138 credo,
956 3067 1072 3140 Trenio,

190 3200 193 3210 ·
272 3168 355 3240 Quod
376 3175 404 3226 te
426 3168 456 3224 in
477 3167 629 3240 pistrinum
652 3169 707 3225 scis
731 3174 858 3226 actutum
881 3167 999 3226 tredier.

272 3269 320 3327 Gis
344 3269 439 3328 hercle
462 3285 569 3342 paucas
593 3270 787 3340 tempestates,
811 3268 926 3339 Tremo,

272 3367 399 3443 Augebis
422 3372 483 3428 ruri
504 3352 661 3440 mimeram,
687 3351 774 3440 geniis
796 3367 940 3442 ferretne,

272 3471 363 3544 Nunc,
388 3472 454 3529 dem
476 3472 530 3563 tibi
552 3437 636 3530 lebet
657 3467 793 3564 licetque,
816 3458 895 3544 pota,
919 3472 1099 3546 perderem,

273 3576 427 3646 Corrempe
451 3573 548 3632 erilem
573 3569 690 3646 [filiurn]
715 3572 975 3631 adulescentulum:
