2978 4396
261 280 304 344 aa
511 295 513 300 ¹
1091 346 1093 351 ,
1172 289 1226 362 111,
1253 288 1279 359 3,
1307 287 1429 347 1-20

290 525 447 585 sunum.
493 526 803 586 nanonnormns.
849 487 1073 588 nnnmsovs.
1118 525 1380 591 nnvouamon.

261 663 323 723 TR.
347 662 423 735 Quid
445 662 499 722 tibi
520 664 643 721 uisumst
664 662 833 722 mercimoni
855 661 924 737 [hoc
947 659 1045 735 essa]?
1147 679 1149 682 ⁴

996 765 1056 824 ΤΗ.
1080 765 1171 825 Totus
1193 766 1317 838 gaudeo.

262 868 322 939 TR.
348 866 423 924 Ndm
445 868 532 926 nimio
556 874 669 941 emptae
692 867 745 924 tibi
768 865 924 926 uidentur?

192 980 242 1025 eos
803 969 863 1027 TH.
888 968 1052 1042 Nquuam
1075 968 1178 1044 edepol
1201 986 1254 1042 ego
1278 966 1397 1028 moscii

346 1071 460 1131 Vidisse
483 1088 604 1145 usquam
627 1071 755 1131 abiectas
779 1071 866 1143 aedis,
891 1072 947 1130 nisi
970 1071 1054 1132 modo
1076 1069 1172 1130 hasce.

869 1169 873 1176 ’
1047 1174 1108 1233 TR.
1132 1171 1249 1247 Ecquid
1271 1168 1401 1246 placent?

262 1279 324 1336 TH.
347 1265 462 1351 Ecquid
483 1277 626 1350 placeant,
651 1275 696 1334 me
719 1275 826 1348 rogas?
848 1276 935 1335 immo
957 1275 1056 1336 hercle
1078 1292 1148 1335 nero
1171 1276 1353 1349 perplacent.

260 1382 322 1439 TR.
346 1377 534 1451 Quoiusmodi
556 1377 755 1453 gunadcenm‘?
778 1377 848 1452 qnid
869 1376 1036 1452 porticum?

983 1481 1044 1539 ΤΗ.
1068 1481 1204 1539 Insanrim
1226 1479 1342 1540 bonam.

345 1583 411 1643 Ndn
433 1581 565 1656 equidem
588 1583 676 1641 ullam
697 1583 727 1641 in
748 1583 866 1656 puplico
889 1600 951 1643 esse
974 1584 1111 1642 maiorem
1132 1582 1187 1640 hec
1210 1581 1363 1641 existumo.

190 1697 242 1741 ato
260 1689 320 1746 TR.
345 1687 419 1758 Quin
443 1701 495 1758 ego
518 1685 580 1758 ipse
603 1690 633 1744 et
654 1684 836 1744 Philolaches
860 1685 888 1742 in
911 1687 1028 1758 puplico
1051 1685 1142 1745 omnis
1164 1682 1295 1757 porticus

345 1789 448 1846 Simus
471 1787 636 1847 commensi.

586 1888 647 1946 TH.
672 1887 747 1959 Quid
771 1887 880 1960 igitur?

834 1991 893 2047 TR.
918 1990 1017 2063 Longe
1041 1988 1166 2049 omnium
1189 1991 1405 2063 longissnmutt.

258 2095 319 2152 ΤΗ.
343 2094 382 2152 Di
404 2093 579 2164 inmortales,
605 2093 772 2152 mercimoni
794 2091 901 2166 lepidit
925 2093 951 2150 si
973 2092 1068 2153 hercle
1090 2095 1165 2151 nnnc
1187 2091 1264 2153 ierat

344 2196 402 2254 de
424 2197 533 2254 talenta
555 2195 658 2267 migne
680 2195 792 2267 argenti
813 2211 866 2269 pro
889 2194 953 2255 istis
974 2195 1181 2268 praecentoria,

343 2297 505 2371 Nimqnam
528 2296 679 2368 accipiam.

495 2400 556 2457 TR.
579 2399 611 2456 Si
632 2398 730 2457 hercle
753 2399 886 2472 accipere
909 2399 1018 2472 cupias,
1043 2416 1096 2472 ego
1120 2395 1278 2474 numquam
1301 2401 1404 2467 sinam.

189 2513 239 2560 als
260 2503 320 2561 TH.
343 2501 423 2562 Bone
444 2519 490 2561 res
513 2507 612 2560 nostre
634 2498 813 2558 conlocatast
835 2499 908 2559 istoc
931 2499 1125 2560 mercimdnio.

259 2604 319 2662 TR.
343 2603 393 2662 Mt
416 2620 534 2663 suasore
557 2609 644 2676 utque
667 2602 814 2675 lnpnlsore
836 2600 867 2658 id
888 2600 995 2660 factum
1018 2602 1157 2662 audacter
1179 2602 1277 2676 dicito,

345 2705 400 2776 Qui
422 2704 523 2778 subegi
545 2701 663 2764 faenore
687 2711 836 2776 argentum
859 2703 895 2761 db
918 2702 1032 2763 danista
1054 2712 1087 2763 ut
1109 2708 1241 2779 sumeret,

344 2806 428 2880 Quod
450 2808 499 2866 isti
522 2804 651 2866 dedimus
675 2804 819 2865 arraboni.

759 2908 819 2966 TH.
844 2907 1007 2969 Sdruauisti
1028 2911 1140 2970 omnem
1162 2917 1262 2971 ratem.

344 3011 456 3086 Nempe
479 3011 626 3085 octoginta
648 3009 790 3071 debentur
810 3009 878 3069 huic
900 3011 1017 3071 minae?

959 3115 1020 3174 TR.
1044 3117 1107 3175 Hau
1130 3134 1243 3177 nummo
1267 3114 1403 3191 implius.

258 3216 320 3275 TH.
343 3213 436 3275 Hodie
459 3207 603 3290 accipiat'
1169 3280 1171 3293 ¹

123 3386 126 3393 ¹
190 3334 241 3379 sao
275 3310 278 3318 ’
527 3319 587 3378 TR.
610 3294 656 3378 lta
678 3321 838 3379 enimuero:
863 3316 901 3378 ne
924 3338 980 3395 qna
1003 3338 1091 3379 causa
1113 3323 1231 3395 sipsiet.

181 3402 185 3409 ’
345 3420 399 3478 le
421 3419 492 3478 mihi
514 3419 718 3481 denumerdtot
741 3439 795 3495 ego
817 3423 860 3480 illi
882 3421 969 3496 porro
992 3422 1226 3483 denumerauero.

260 3522 321 3580 TH.
344 3501 386 3580 lit
407 3522 482 3581 enim
504 3538 540 3582 ne
563 3522 632 3596 quid
654 3521 784 3598 captioni
805 3523 875 3582 mihi
897 3525 943 3597 sit,
967 3525 992 3582 si
1014 3525 1142 3585 dederim
1164 3524 1226 3584 tibi.

259 3625 319 3683 TR.
344 3610 443 3697 Egone
467 3630 495 3685 te
517 3623 613 3684 ioculo
636 3625 720 3685 modo
743 3626 835 3685 ausim
858 3626 935 3686 dicto
958 3633 1010 3685 aut
1030 3626 1107 3687 iacto
1129 3624 1253 3688 fallere?
