2978 4396
260 265 302 329 m
905 313 907 319 .
1155 263 1401 340 mmm

192 443 243 488 400
346 415 480 497 Omnium
502 437 693 512 primumdum
717 434 815 514 [haec]
839 438 924 498 aedes
946 436 1006 496 idm
1028 436 1091 497 face
1113 432 1250 498 occlusae
1271 434 1358 494 siant.

343 516 423 598 intus
446 557 516 599 cane
537 541 654 600 muttire
676 556 848 614 quemquam
869 540 981 599 sineris.

866 641 993 700 PHILO.
1017 639 1183 702 durabitur.

260 743 320 802 ΤΒ.
345 740 503 818 Tanquam
525 746 550 802 si
571 745 647 802 intus
669 742 754 803 natus
777 760 858 802 nemo
881 745 911 802 in
933 739 1055 802 aedibus
1078 738 1202 802 habitet.

1087 843 1227 903 PHILO.‹,¹
1242 841 1339 900 Licet.

262 947 322 1004 TR.
346 945 410 1005 Neri
432 948 581 1020 quisquam
604 945 761 1021 responset,
786 947 899 1020 quando
921 946 1011 1007 hasce·
1028 943 1110 1006 aedis
1132 944 1258 1020 pultabit
1278 958 1381 1002 senex.

263 1047 390 1110 PHILO.
412 1047 558 1121 Numquid
581 1048 680 1107 aliud?
710 1109 712 1117 ,

539 1209 542 1214 .
616 1151 675 1207 TR.
722 1148 839 1210 Olauem
863 1151 901 1207 mi
922 1149 1032 1208 harunc
1056 1148 1170 1208 aedium
1192 1145 1372 1206 Laconicam

196 1261 243 1303 400
347 1249 409 1309 Idm
431 1252 497 1311 iube
520 1251 621 1311 ecferri
642 1252 735 1312 intus:
757 1251 843 1309 hasce
866 1269 918 1323 ego
941 1245 1022 1309 aedis
1046 1251 1194 1310 occludam
1215 1249 1282 1307 hinc
1303 1247 1390 1308 foris.

263 1353 389 1411 PHILO.
412 1329 446 1411 Ῐο
467 1360 545 1412 tuam
567 1348 745 1411 custodelam
766 1369 868 1426 meque
890 1359 919 1411 et
941 1348 1019 1410 meas
1042 1369 1107 1425 spes
1131 1349 1222 1423 trado,
1247 1347 1370 1409 Tranio.

196 1461 244 1509 407
263 1455 323 1512 TR.
346 1455 448 1512 Pldma
469 1454 547 1513 haud
568 1450 696 1526 interest,
719 1460 857 1528 patronus
880 1453 917 1511 an
940 1456 1036 1512 cluens
1058 1453 1193 1528 proprior
1215 1454 1271 1511 sies

196 1564 246 1609 toa
347 1552 473 1628 Homini,
497 1558 565 1630 quoi
586 1556 664 1615 nulla
686 1552 732 1614 est
752 1557 781 1613 in
804 1562 920 1628 pectore
943 1553 1057 1630 [innata
1079 1551 1228 1628 umquam]
1250 1552 1389 1612 andacia.

197 1665 246 1711 ⁴10
348 1657 422 1715 Nam
444 1659 557 1732 quoiuis
579 1655 757 1716 hominium
779 1664 896 1730 optumo
918 1659 965 1716 uel
986 1654 1122 1731 pessumo

296 1786 299 1795 ·
348 1758 485 1830 Quamuis
508 1759 639 1819 desubito
660 1757 777 1818 facilest
798 1757 893 1818 iacere
916 1756 1064 1832 nequiter:

348 1861 454 1919 Verum
476 1859 506 1920 id
528 1861 717 1944 uidendumst,
742 1860 773 1920 id
795 1861 852 1920 uiri
875 1859 982 1920 doctist
1003 1877 1084 1934 opus,

350 1963 429 2034 Quae
453 1960 604 2036 designata
625 1950 683 2022 sint
705 1970 734 2022 et
754 1963 832 2021 facta
853 1959 996 2036 nequiter,

350 2063 516 2139 Tranquille
539 2073 641 2124 cuncta
662 2072 695 2124 ut
715 2064 887 2139 proueniant
909 2070 938 2123 et
959 2062 1020 2122 sine
1043 2063 1127 2133 malo,

350 2165 487 2241 Ne‘quid
508 2169 644 2241 patiatur,
668 2185 753 2241 quam
777 2165 813 2225 ob
835 2184 895 2225 rem
916 2167 1016 2239 pigeat
1036 2163 1145 2223 uiuere.

351 2268 433 2327 Sicrit
454 2286 505 2342 ego
529 2267 664 2341 ecficiam,
688 2264 765 2342 qnae
785 2267 863 2326 facta
883 2267 931 2324 hic
953 2265 1141 2338 turbauimus

351 2369 486 2432 Profecto
509 2378 541 2429 ut
561 2372 691 2444 liqueant
712 2369 808 2429 omnia
830 2376 859 2429 et
880 2367 1037 2442 tranquilla
1058 2369 1124 2439 sint,

352 2472 451 2547 Neque
475 2472 628 2547 quicquam
650 2472 732 2532 nobis
753 2470 872 2546 pariant
893 2488 928 2530 ex
951 2488 981 2529 se
1003 2468 1184 2529 incommodi.

353 2574 410 2632 Sed
432 2572 501 2648 quid
524 2581 555 2633 tu
577 2574 720 2647 egredere,
743 2572 855 2648 puero?

740 2675 850 2734 PVER.
896 2675 971 2733 Fero
996 2674 1110 2731 clauim.

448 2846 456 2855 .
1080 2774 1140 2832 TR.
1162 2752 1289 2848 Optume

353 2860 521 2954 Praeceptis
544 2886 638 2953 paret.
725 2911 727 2916 ·
1210 2893 1212 2896 ⁴
1268 2882 1271 2887 ’

453 3002 457 3011 ·
524 2981 636 3039 PVER.
659 2966 734 3038 Erus
757 2986 785 3039 te
807 2981 892 3038 iussit
914 2977 1048 3037 maxumo

326 3151 328 3156 ¹
356 3084 448 3158 Opere
472 3083 562 3155 orare,
586 3089 619 3141 ut
639 3089 749 3156 patrem
773 3079 871 3155 aliquo
894 3076 1074 3155 apsterreres
1096 3079 1190 3151 modo,

354 3184 397 3245 Ne
419 3183 552 3245 introiret
572 3184 660 3243 aedis

579 3269 1115 3356 mmmmmm

354 3391 510 3448 Facturum
533 3406 586 3461 me,
610 3395 642 3447 nt
662 3404 698 3445 ne
721 3387 807 3445 etiam
830 3384 961 3460 aspicere
983 3384 1064 3444 aedis
1087 3382 1200 3455 audeat,

355 3491 457 3564 Capite
479 3490 614 3550 obuoluto
637 3496 670 3548 ut
689 3487 782 3560 fugiat
804 3504 868 3545 cnm
890 3484 999 3545 summo
1021 3493 1108 3545 matu.
