2978 4396
1075 278 1098 349 1,
1124 279 1150 349 a,
1176 279 1281 352 64--1,
1307 281 1334 353 3,
1361 281 1408 340 13·

341 442 426 501 Nhnc
449 444 616 516 samnites,
640 443 719 515 fides,
743 444 826 516 fama,
850 446 951 517 uirens,
977 447 1063 505 decus

340 546 555 604 Deseruerant:
580 547 634 618 ego
656 563 719 604 snm
741 549 773 604 in‘
792 565 846 605 usu
868 546 960 606 factus
983 549 1070 608 nimio
1093 550 1222 622 nequior.

342 649 438 721 Atque
461 648 564 721 edepol
586 649 629 707 ita
650 648 721 706 haec
740 650 820 721 tigna
839 649 934 708 timide
952 651 1063 723 putent,
1079 648 1137 725 [ut]
1151 670 1206 711 non
1218 652 1319 712 uidear
1330 653 1403 712 mihi

341 750 455 809 Sarcire
477 768 561 824 posse
585 751 663 809 aedis
687 767 772 822 meas,
797 753 865 823 quin
889 751 968 810 totae
989 754 1149 826 perpetuae
1171 761 1264 825 ruant,
1318 775 1321 781 ⁴
1417 771 1419 774 ·

342 854 433 924 Quom
455 851 640 910 fondamenta
660 853 809 925 perierint,
824 871 885 916 ,nec
908 854 1059 926 quisquam
1083 871 1145 913 esse
1167 855 1275 914 auxilio
1299 862 1403 930 queat.

342 954 507 1025 condolet,
532 951 618 1027 quom
641 955 708 1026 scio,
734 961 767 1012 ut
788 957 863 1012 nnnc
886 962 1057 1028 sumatque
1080 963 1112 1014 ut
1133 954 1192 1015 fui:

190 1060 236 1105 1⁵0
340 1055 403 1127 Quo
427 1074 508 1115 nemo
530 1055 688 1115 indistrior
711 1056 746 1114 de
769 1057 917 1115 iuuentiitc
940 1062 1003 1116 erat

337 1137 410 1218 Arte
433 1159 618 1230 gunnastica,
643 1158 731 1230 disco,
755 1158 855 1229 hestia,
878 1159 946 1231 pila,

189 1230 301 1276 ¹⁵¹'¹⁵³
337 1264 437 1332 Girsu,
469 1261 564 1330 armis,
589 1278 671 1332 equo.
695 1260 752 1317 han
774 1260 942 1317 uictitabam
965 1262 1062 1335 uolup.

249 1440 255 1451 ·
340 1363 519 1421 Parsimonia
542 1362 572 1420 et
593 1361 700 1419 duritia
722 1362 911 1435 discipulinae
927 1363 998 1420 'aliis
1022 1380 1115 1435 eram3

190 1488 236 1532 155
340 1443 461 1538 &ptumi
482 1465 588 1537 quique
612 1463 785 1536 expetebant
807 1464 824 1520 a
846 1481 890 1522 mc
913 1465 1071 1523 doctrinam
1094 1466 1158 1523 sihi.

340 1567 432 1639 Nono,
456 1572 609 1640 postquam
631 1565 713 1622 nihili
736 1583 805 1638 sum,
830 1566 860 1623 id
883 1584 951 1626 uero
974 1564 1089 1641 meopte
1112 1569 1226 1640 ingenio
1248 1569 1377 1642 repperi.

419 2093 708 2152 PHILEMATIVM.
754 2093 913 2152 ScAPHn.
957 2094 1236 2154 PHILOLAGHES.

253 2283 381 2341 PHILE.
405 2285 466 2341 Iam
489 2282 600 2355 pridem
624 2287 736 2340 ecastor
757 2279 863 2352 frigida
884 2298 940 2339 non
962 2282 1021 2340 lani
1043 2284 1134 2354 magis
1156 2282 1297 2353 lubenter,

337 2384 399 2443 Nec
422 2383 509 2458 quom
532 2401 576 2442 me
599 2385 709 2455 melius,
733 2384 797 2441 mea
820 2383 942 2457 Scapha,
966 2401 1032 2442 near
1055 2386 1118 2443 esse
1141 2383 1299 2443 deficatam.

254 2488 307 2547 SC.
330 2487 460 2545 Euentus
483 2486 568 2544 rebus
593 2484 746 2558 omnibnst
770 2487 850 2544 uelut
871 2484 962 2545 horno
985 2487 1085 2545 messis
1109 2487 1246 2558 magnast.

188 2597 235 2641 160
253 2589 380 2648 PHILE.
406 2587 483 2658 Quid
505 2589 540 2646 ea
563 2585 655 2662 [nam]
680 2589 779 2647 messis
802 2588 905 2647 attinet
926 2589 963 2645 ad
985 2588 1078 2646 meam
1099 2585 1296 2645 lauationem?

254 2691 307 2752 SC.
330 2689 429 2749 Nihilo
452 2691 517 2764 plus
541 2707 626 2764 quam
648 2690 756 2748 lauatio
779 2695 831 2746 tna
853 2689 889 2746 ad
911 2689 1035 2747 messim.

896 2791 1022 2848 PHILO.
1054 2790 1077 2847 Ο
1099 2791 1195 2848 Venus
1218 2791 1348 2862 uennsta,

337 2897 415 2953 Haec
436 2895 517 2951 illast
537 2893 692 2967 tempestas
715 2909 786 2964 mea,
810 2892 880 2949 mihi
903 2893 976 2965 quae
999 2892 1168 2951 modestiam
1190 2889 1302 2949 omnem

337 2997 456 3056 Detexit
477 3002 569 3054 tectus
593 2995 650 3068 qna
670 2994 720 3066 fui,
746 3011 803 3068 qua
824 2994 894 3050 mihi
916 3010 996 3052 amor
1018 3000 1047 3052 et
1069 2994 1174 3066 cupido

337 3101 371 3158 In
389 3099 491 3172 pectus
503 3098 638 3174 ,perpluit
656 3114 764 3155 meum:
783 3113 875 3169 neque
888 3113 949 3154 eam
969 3098 1103 3168 tamquam
1122 3072 1252 3168 optigere
1263 3092 1396 3168 possum„

186 3200 232 3245 ¹⁶⁵
281 3254 283 3259 .
335 3200 458 3259 Madent
479 3201 536 3258 iam
559 3201 588 3258 in
611 3199 696 3259 corde
718 3199 859 3272 parietes:
883 3198 995 3270 periere
1017 3196 1089 3256 haec
1112 3197 1218 3270 oppido
1241 3196 1337 3254 aedes.

251 3303 382 3363 PHILE.
405 3301 578 3374 contempla
589 3301 700 3373 amabo,
714 3301 778 3358 mea
791 3298 912 3373 Scapha,
926 3300 1000 3357 satin
1013 3298 1086 3357 haec
1105 3316 1149 3357 me
1168 3299 1257 3357 uestis
1278 3297 1395 3359 deceat.

335 3405 409 3463 Volo
432 3400 480 3461 me
501 3405 616 3477 placere
638 3402 809 3474 Philolachi,
833 3418 896 3460 meo
919 3401 1020 3472 ocello,
1044 3418 1107 3460 meo
1130 3398 1262 3474 patrono.

252 3505 306 3565 SC.
330 3505 406 3577 Quid
427 3508 459 3564 to
482 3512 510 3564 te
533 3521 663 3576 exornas,
687 3502 813 3562 moribus
836 3503 940 3576 lepidis
964 3520 1049 3575 quom
1072 3502 1168 3576 lepida
1191 3500 1298 3560 tinch?

335 3607 402 3666 Non
424 3607 536 3666 uestem
558 3613 685 3665 amantes
708 3605 834 3689 molieris
857 3605 961 3677 amant
986 3602 1036 3663 sed
1058 3605 1146 3663 uestis
1169 3602 1282 3662 fartum.

85 4007 494 4138 a„
