2962 4396
206 234 248 299 88
1098 244 1147 311 1v‚
1173 245 1200 312 a,
1226 233 1367 300 ‹re-al

291 409 361 468 Cim
384 427 433 469 erc
456 410 577 471 uestro?

518 511 577 571 PH.
602 514 666 584 Hic,
690 514 816 587 inquam.

136 629 183 673 sss
681 616 740 676 TH.
764 617 865 688 Fuere,
890 617 1007 689 praeter
1029 617 1155 689 speciem
1178 617 1284 675 stiltus
1307 632 1343 679 es.

288 714 361 773 Vide
384 715 422 772 sis
445 731 481 773 ne
503 713 577 774 forte
600 716 637 774 cd
659 708 823 777 meren'dam
846 717 983 791 quipiam
1007 717 1168 778 deuerteris

286 793 385 889 itque
406 815 448 874 ibi
471 834 505 877 ne
528 819 703 890 meliiscule,
728 836 813 892 quam
836 822 881 879 sat
902 818 998 892 fuerit,
1022 819 1141 879 biberis.

1102 922 1162 981 PH.
1186 920 1264 992 Quid
1286 917 1351 979 est?

203 1019 263 1077 TH.
286 994 333 1078 lta
354 1020 435 1080 dico:
458 1038 494 1080 ne
516 1021 554 1080 ad
576 1022 647 1081 alias
671 1021 751 1096 aedis
773 1023 928 1097 perperam
950 1040 1024 1082 nunc
1047 1024 1173 1107 ueneris.

202 1119 262 1179 PH.
287 1121 353 1180 Scio
377 1140 434 1195 qua
456 1123 500 1181 me
522 1124 564 1182 ire
588 1122 712 1197 opertet,
736 1130 765 1183 et
788 1143 844 1197 quo
867 1125 1004 1196 necerim,
1029 1125 1097 1184 noui
1119 1126 1223 1184 locum.

90 1282 95 1293 ,
135 1247 184 1292 970
287 1223 470 1284 Philolaches
492 1225 540 1283 hic
562 1224 685 1298 habitat,
710 1227 813 1300 quoius
837 1227 882 1286 est
903 1235 987 1300 pater
1009 1226 1245 1301 Thespropides:

289 1325 352 1397 Qui,
376 1333 531 1400 postquam
552 1334 637 1401 pater
658 1328 696 1386 id
717 1335 874 1388 mercatum
897 1328 963 1387 hinc
986 1328 1066 1400 abiit.
1089 1328 1137 1386 hic
1159 1327 1316 1386 tibicinam

288 1426 447 1486 Liberauit.

407 1531 467 1587 TH.
491 1531 711 1591 Philolachesne
733 1531 824 1605 ergo?

763 1635 822 1693 PH.
845 1610 907 1693 lta:
931 1634 1135 1695 Philematiim
1158 1634 1291 1708 quidem.

203 1717 263 1775 TH.
288 1717 416 1788 Quanti?

356 1821 444 1878 ADV.
470 1819 604 1893 Triginta
626 1823 752 1881 talentis.

662 1925 721 1982 PH.
745 1919 793 2002 μὰ
814 1919 874 1984 τὸν
893 1915 1058 1994 Ἀπόλλω,
1083 1922 1135 1981 sed
1158 1924 1255 1984 minis.

202 2023 263 2080 ΤΗ.
288 2023 345 2081 Ain
368 2025 450 2082 minis
474 2026 593 2098 triginta
615 2027 736 2084 amicam
760 2025 920 2085 destinasse
944 2024 1161 2085 Philolachem?

202 2126 261 2183 PH.
285 2103 351 2184 iro.

304 2228 364 2285 TH.
387 2231 484 2302 Atque
507 2245 569 2288 eam
592 2246 677 2288 manu
701 2228 853 2288 emisisse?

711 2331 771 2389 eh.
789 2308 861 2415 iro.

133 2456 181 2503 975
768 2434 828 2491 TH.
852 2434 892 2492 Et
913 2440 1067 2507 postquam
1089 2435 1150 2493 eius
1173 2432 1240 2492 hice
1264 2441 1358 2506 pater

287 2533 332 2592 Sit
352 2533 498 2609 profectus
521 2535 650 2609 peregre,
677 2530 764 2609 [tum]
788 2534 959 2610 perpctasse
982 2535 1102 2595 adsiduo
1125 2535 1172 2593 hic
1194 2537 1290 2594 semul

286 2637 349 2696 Trio
371 2654 435 2695 cum
458 2636 596 2696 domino?

529 2739 589 2796 re.
612 2715 680 2797 iio.
1122 2761 1124 2765 ·

626 2840 685 2898 TH.
711 2839 809 2911 Quid?
831 2842 856 2899 is
877 2841 930 2899 has
953 2841 1034 2901 aedis
1057 2842 1127 2901 emit
1148 2839 1333 2914 prcxumas?

202 2925 260 2983 PH.
284 2923 351 2983 Νόιι
373 2925 429 2984 aio.
838 2977 840 2981 ,

375 3027 436 3085 ΤΗ.
460 3026 658 3100 Quadraginta
680 3028 767 3086 etiam
791 3027 872 3086 dedit
893 3027 969 3100 huic,
995 3044 1068 3102 quae
1091 3034 1187 3087 essent
1207 3027 1357 3102 pignori?

201 3126 260 3186 PH.
285 3126 386 3203 Neque
409 3128 488 3187 istud
510 3130 566 3188 aio.

507 3232 567 3290 TH.
591 3231 638 3303 Ei,
661 3230 770 3305 perdis.
800 3298 803 3303 ³
1003 3279 1005 3284 .

692 3333 752 3391 PH.
774 3335 864 3393 Immo
888 3335 969 3393 silom
991 3340 1104 3407 patrem
1126 3332 1186 3390 illic
1208 3330 1356 3410 perdidit.

201 3426 265 3492 TH.
288 3427 366 3493 vera
388 3427 498 3494 cantas.

135 3551 184 3596 eso
448 3537 507 3594 PH.
531 3537 612 3596 Vina
635 3538 748 3596 uellem.
771 3534 864 3610 petris
889 3537 998 3596 amicus
1021 3536 1166 3597 uidelicet.

203 3651 327 3658 ᾤ

129 3697 215 3751 9731).
251 3698 309 3752 TH.
328 3655 487 3752 liberauit?
777 3738 781 3745 ·

403 3783 458 3837 PH.
478 3783 616 3838 liberauit
633 3783 737 3838 scilicet
755 3784 864 3852 triginta
883 3784 968 3839 minis.
