<?xml version="1.0" encoding="UTF-8"?>
<!DOCTYPE html PUBLIC "-//W3C//DTD XHTML 1.0 Transitional//EN"
    "http://www.w3.org/TR/xhtml1/DTD/xhtml1-transitional.dtd">
<html xmlns="http://www.w3.org/1999/xhtml" xml:lang="en" lang="en">
 <head>
  <title>
</title>
<meta http-equiv="Content-Type" content="text/html;charset=utf-8" />
  <meta name='ocr-system' content='tesseract 3.04.00' />
  <meta name='ocr-capabilities' content='ocr_page ocr_carea ocr_par ocr_line ocrx_word'/>
</head>
<body>
  <div class='ocr_page' id='page_1' title='image "./tmacciplautimos00gjergoog_0043.png"; bbox 0 0 2962 4396; ppageno 0'>
   <div class='ocr_carea' id='block_1_1' title="bbox 655 1069 881 1143">
    <p class='ocr_par' dir='ltr' id='par_1_1' title="bbox 655 1069 881 1143">
     <span class='ocr_line' id='line_1_1' title="bbox 655 1069 881 1143; baseline -0.009 0"><span class='ocrx_word' id='word_1_1' title='bbox 655 1069 812 1143; x_wconf 74' lang='grc' dir='ltr'><strong>ΑῦΠΙὸ</strong></span> <span class='ocrx_word' id='word_1_2' title='bbox 835 1070 881 1141; x_wconf 94' lang='lat' dir='ltr'>ll.</span> 
     </span>
    </p>
   </div>
   <div class='ocr_carea' id='block_1_2' title="bbox 214 1349 1334 1518">
    <p class='ocr_par' dir='ltr' id='par_1_2' title="bbox 214 1349 1334 1518">
     <span class='ocr_line' id='line_1_2' title="bbox 214 1349 1334 1412; baseline 0 0"><span class='ocrx_word' id='word_1_3' title='bbox 214 1351 378 1412; x_wconf 63' lang='lat' dir='ltr'>Tamo„</span> <span class='ocrx_word' id='word_1_4' title='bbox 393 1350 672 1412; x_wconf 83' lang='lat' dir='ltr'><strong>PHILOLACHES.</strong></span> <span class='ocrx_word' id='word_1_5' title='bbox 686 1349 1014 1411; x_wconf 70' lang='lat' dir='ltr'>&#39;GALLIDAMATEa</span> <span class='ocrx_word' id='word_1_6' title='bbox 1035 1349 1334 1412; x_wconf 76' lang='lat' dir='ltr'><strong>PHILEMATIVM.</strong></span> 
     </span>
     <span class='ocr_line' id='line_1_3' title="bbox 583 1453 951 1518; baseline -0.003 -5"><span class='ocrx_word' id='word_1_7' title='bbox 583 1453 800 1518; x_wconf 87' lang='lat' dir='ltr'><strong>DELPHIVM.</strong></span> <span class='ocrx_word' id='word_1_8' title='bbox 824 1453 951 1512; x_wconf 85' lang='lat' dir='ltr'><strong>PVERI.</strong></span> 
     </span>
    </p>
   </div>
   <div class='ocr_carea' id='block_1_3' title="bbox 131 1587 1207 2073">
    <p class='ocr_par' dir='ltr' id='par_1_3' title="bbox 131 1587 1207 2073">
     <span class='ocr_line' id='line_1_4' title="bbox 199 1587 1133 1668; baseline -0.003 -18"><span class='ocrx_word' id='word_1_9' title='bbox 199 1591 260 1651; x_wconf 87' lang='lat' dir='ltr'>TR.</span> <span class='ocrx_word' id='word_1_10' title='bbox 283 1592 415 1668; x_wconf 80' lang='lat' dir='ltr'>Ioppiter</span> <span class='ocrx_word' id='word_1_11' title='bbox 437 1587 588 1667; x_wconf 73' lang='lat' dir='ltr'>supremus</span> <span class='ocrx_word' id='word_1_12' title='bbox 610 1591 727 1649; x_wconf 85' lang='lat' dir='ltr'>summis</span> <span class='ocrx_word' id='word_1_13' title='bbox 751 1587 853 1664; x_wconf 81' lang='lat' dir='ltr'>opibus</span> <span class='ocrx_word' id='word_1_14' title='bbox 876 1597 963 1663; x_wconf 83' lang='lat' dir='ltr'>atque</span> <span class='ocrx_word' id='word_1_15' title='bbox 985 1590 1133 1649; x_wconf 84' lang='lat' dir='ltr'>indhstriis</span> 
     </span>
     <span class='ocr_line' id='line_1_5' title="bbox 282 1690 1107 1769; baseline -0.001 -17"><span class='ocrx_word' id='word_1_16' title='bbox 282 1695 333 1754; x_wconf 79' lang='lat' dir='ltr'>Me</span> <span class='ocrx_word' id='word_1_17' title='bbox 355 1695 464 1769; x_wconf 86' lang='lat' dir='ltr'>perisse</span> <span class='ocrx_word' id='word_1_18' title='bbox 487 1700 517 1754; x_wconf 85' lang='lat' dir='ltr'>et</span> <span class='ocrx_word' id='word_1_19' title='bbox 537 1692 762 1753; x_wconf 78' lang='lat' dir='ltr'>Philolachetem</span> <span class='ocrx_word' id='word_1_20' title='bbox 784 1694 865 1768; x_wconf 72' lang='lat' dir='ltr'>oepit</span> <span class='ocrx_word' id='word_1_21' title='bbox 887 1693 984 1753; x_wconf 88' lang='lat' dir='ltr'>erilem</span> <span class='ocrx_word' id='word_1_22' title='bbox 1006 1690 1107 1751; x_wconf 88' lang='lat' dir='ltr'>fllium.</span> 
     </span>
     <span class='ocr_line' id='line_1_6' title="bbox 131 1775 1202 1869; baseline 0.001 -15"><span class='ocrx_word' id='word_1_23' title='bbox 131 1809 181 1855; x_wconf 78' lang='grc'>000</span> <span class='ocrx_word' id='word_1_24' title='bbox 284 1775 400 1855; x_wconf 73' lang='lat' dir='ltr'><strong>Occidit</strong></span> <span class='ocrx_word' id='word_1_25' title='bbox 421 1812 486 1869; x_wconf 88' lang='lat' dir='ltr'>spes</span> <span class='ocrx_word' id='word_1_26' title='bbox 509 1793 624 1854; x_wconf 80' lang='lat' dir='ltr'>nostra:</span> <span class='ocrx_word' id='word_1_27' title='bbox 647 1811 787 1869; x_wconf 84' lang='lat' dir='ltr'>nusquam</span> <span class='ocrx_word' id='word_1_28' title='bbox 809 1795 980 1854; x_wconf 78' lang='lat' dir='ltr'>stabulumst</span> <span class='ocrx_word' id='word_1_29' title='bbox 1002 1794 1202 1855; x_wconf 76' lang='lat' dir='ltr'>confidentiae.</span> 
     </span>
     <span class='ocr_line' id='line_1_7' title="bbox 282 1892 1151 1975; baseline 0.002 -21"><span class='ocrx_word' id='word_1_30' title='bbox 282 1895 347 1957; x_wconf 75' lang='lat' dir='ltr'>Nee</span> <span class='ocrx_word' id='word_1_31' title='bbox 369 1897 453 1957; x_wconf 86' lang='lat' dir='ltr'>Salus</span> <span class='ocrx_word' id='word_1_32' title='bbox 475 1897 557 1957; x_wconf 84' lang='lat' dir='ltr'>nobis</span> <span class='ocrx_word' id='word_1_33' title='bbox 579 1898 666 1956; x_wconf 84' lang='lat' dir='ltr'>saluti</span> <span class='ocrx_word' id='word_1_34' title='bbox 687 1897 745 1956; x_wconf 88' lang='lat' dir='ltr'>iam</span> <span class='ocrx_word' id='word_1_35' title='bbox 767 1892 839 1969; x_wconf 62' lang='lat' dir='ltr'>esse,</span> <span class='ocrx_word' id='word_1_36' title='bbox 863 1897 888 1955; x_wconf 90' lang='lat' dir='ltr'>si</span> <span class='ocrx_word' id='word_1_37' title='bbox 911 1897 1016 1971; x_wconf 75' lang='lat' dir='ltr'>cupiat,</span> <span class='ocrx_word' id='word_1_38' title='bbox 1039 1903 1151 1975; x_wconf 80' lang='lat' dir='ltr'>potest3</span> 
     </span>
     <span class='ocr_line' id='line_1_8' title="bbox 282 1976 1207 2073; baseline 0.002 -16"><span class='ocrx_word' id='word_1_39' title='bbox 282 1976 328 2060; x_wconf 74' lang='lat' dir='ltr'>lta</span> <span class='ocrx_word' id='word_1_40' title='bbox 349 2001 417 2059; x_wconf 89' lang='lat' dir='ltr'>mali</span> <span class='ocrx_word' id='word_1_41' title='bbox 439 1997 577 2059; x_wconf 80' lang='lat' dir='ltr'>maeroris</span> <span class='ocrx_word' id='word_1_42' title='bbox 599 2005 723 2059; x_wconf 85' lang='lat' dir='ltr'>montem</span> <span class='ocrx_word' id='word_1_43' title='bbox 746 1999 907 2057; x_wconf 75' lang='lat' dir='ltr'>maxumum</span> <span class='ocrx_word' id='word_1_44' title='bbox 929 1998 966 2056; x_wconf 85' lang='lat' dir='ltr'>ad</span> <span class='ocrx_word' id='word_1_45' title='bbox 986 2000 1101 2073; x_wconf 80' lang='lat' dir='ltr'>porthm</span> <span class='ocrx_word' id='word_1_46' title='bbox 1124 1998 1207 2059; x_wconf 89' lang='lat' dir='ltr'>modo</span> 
     </span>
    </p>
   </div>
   <div class='ocr_carea' id='block_1_4' title="bbox 201 2098 1345 3698">
    <p class='ocr_par' dir='ltr' id='par_1_4' title="bbox 201 2098 1345 3698">
     <span class='ocr_line' id='line_1_9' title="bbox 283 2098 1201 2177; baseline -0.005 -14"><span class='ocrx_word' id='word_1_47' title='bbox 283 2101 480 2177; x_wconf 76' lang='lat' dir='ltr'>conspicatus.</span> <span class='ocrx_word' id='word_1_48' title='bbox 494 2119 565 2160; x_wconf 88' lang='lat' dir='ltr'><strong>sum.</strong></span> <span class='ocrx_word' id='word_1_49' title='bbox 590 2098 657 2161; x_wconf 70' lang='lat' dir='ltr'>erus</span> <span class='ocrx_word' id='word_1_50' title='bbox 680 2101 797 2160; x_wconf 84' lang='lat' dir='ltr'>aduenit</span> <span class='ocrx_word' id='word_1_51' title='bbox 817 2101 955 2175; x_wconf 74' lang='lat' dir='ltr'>peregre:</span> <span class='ocrx_word' id='word_1_52' title='bbox 977 2103 1066 2176; x_wconf 82' lang='lat' dir='ltr'>periit</span> <span class='ocrx_word' id='word_1_53' title='bbox 1086 2101 1201 2160; x_wconf 74' lang='lat' dir='ltr'>Tranio.</span> 
     </span>
     <span class='ocr_line' id='line_1_10' title="bbox 282 2191 1283 2278; baseline -0.001 -15"><span class='ocrx_word' id='word_1_54' title='bbox 282 2191 391 2278; x_wconf 77' lang='lat' dir='ltr'><strong>Ecquis</strong></span> <span class='ocrx_word' id='word_1_55' title='bbox 412 2204 534 2276; x_wconf 85' lang='lat' dir='ltr'>homost,</span> <span class='ocrx_word' id='word_1_56' title='bbox 559 2205 609 2278; x_wconf 89' lang='lat' dir='ltr'>qui</span> <span class='ocrx_word' id='word_1_57' title='bbox 629 2203 724 2263; x_wconf 77' lang='lat' dir='ltr'>lacere</span> <span class='ocrx_word' id='word_1_58' title='bbox 746 2204 859 2276; x_wconf 80' lang='lat' dir='ltr'>argenti</span> <span class='ocrx_word' id='word_1_59' title='bbox 881 2203 980 2277; x_wconf 73' lang='lat' dir='ltr'>eripiat</span> <span class='ocrx_word' id='word_1_60' title='bbox 1000 2205 1178 2277; x_wconf 81' lang='lat' dir='ltr'>aliquanlnlm</span> <span class='ocrx_word' id='word_1_61' title='bbox 1199 2203 1283 2277; x_wconf 89' lang='lat' dir='ltr'>lueri,</span> 
     </span>
     <span class='ocr_line' id='line_1_11' title="bbox 284 2302 1162 2380; baseline -0.001 -14"><span class='ocrx_word' id='word_1_62' title='bbox 284 2307 340 2379; x_wconf 80' lang='lat' dir='ltr'>Qui</span> <span class='ocrx_word' id='word_1_63' title='bbox 360 2306 446 2367; x_wconf 86' lang='lat' dir='ltr'>hodie</span> <span class='ocrx_word' id='word_1_64' title='bbox 468 2323 531 2366; x_wconf 88' lang='lat' dir='ltr'>sese</span> <span class='ocrx_word' id='word_1_65' title='bbox 553 2303 716 2365; x_wconf 77' lang='lat' dir='ltr'>excruciari</span> <span class='ocrx_word' id='word_1_66' title='bbox 737 2302 831 2364; x_wconf 90' lang='lat' dir='ltr'>me&#39;am</span> <span class='ocrx_word' id='word_1_67' title='bbox 853 2306 945 2372; x_wconf 86' lang='lat' dir='ltr'>uicem</span> <span class='ocrx_word' id='word_1_68' title='bbox 966 2305 1059 2380; x_wconf 79' lang='lat' dir='ltr'>possit</span> <span class='ocrx_word' id='word_1_69' title='bbox 1079 2305 1162 2380; x_wconf 80' lang='lat' dir='ltr'>pati?</span> 
     </span>
     <span class='ocr_line' id='line_1_12' title="bbox 285 2386 1038 2483; baseline -0.003 -15"><span class='ocrx_word' id='word_1_70' title='bbox 285 2386 343 2468; x_wconf 80' lang='lat' dir='ltr'>oa</span> <span class='ocrx_word' id='word_1_71' title='bbox 365 2415 432 2468; x_wconf 85' lang='lat' dir='ltr'>sunt</span> <span class='ocrx_word' id='word_1_72' title='bbox 453 2409 503 2467; x_wconf 76' lang='lat' dir='ltr'>iso</span> <span class='ocrx_word' id='word_1_73' title='bbox 524 2407 729 2483; x_wconf 79' lang='lat' dir='ltr'>plagipaaidae,</span> <span class='ocrx_word' id='word_1_74' title='bbox 752 2403 950 2466; x_wconf 74' lang='lat' dir='ltr'>ferritribaces</span> <span class='ocrx_word' id='word_1_75' title='bbox 972 2409 1038 2478; x_wconf 69' lang='lat' dir='ltr'>rna,</span> 
     </span>
     <span class='ocr_line' id='line_1_13' title="bbox 284 2507 1344 2584; baseline -0.001 -16"><span class='ocrx_word' id='word_1_76' title='bbox 284 2508 341 2568; x_wconf 73' lang='lat' dir='ltr'>Vel</span> <span class='ocrx_word' id='word_1_77' title='bbox 362 2512 420 2579; x_wconf 83' lang='lat' dir='ltr'><strong>isti,</strong></span> <span class='ocrx_word' id='word_1_78' title='bbox 444 2511 494 2584; x_wconf 88' lang='lat' dir='ltr'>qui</span> <span class='ocrx_word' id='word_1_79' title='bbox 514 2508 642 2570; x_wconf 77' lang='lat' dir='ltr'>hosticas</span> <span class='ocrx_word' id='word_1_80' title='bbox 665 2510 751 2568; x_wconf 87' lang='lat' dir='ltr'>trium</span> <span class='ocrx_word' id='word_1_81' title='bbox 773 2526 917 2567; x_wconf 89' lang='lat' dir='ltr'>nummum</span> <span class='ocrx_word' id='word_1_82' title='bbox 935 2512 1023 2567; x_wconf 77' lang='lat' dir='ltr'>cansa</span> <span class='ocrx_word' id='word_1_83' title='bbox 1040 2508 1163 2569; x_wconf 84' lang='lat' dir='ltr'>subeunt</span> <span class='ocrx_word' id='word_1_84' title='bbox 1182 2508 1234 2566; x_wconf 81' lang='lat' dir='ltr'>shh</span> <span class='ocrx_word' id='word_1_85' title='bbox 1252 2507 1344 2582; x_wconf 57' lang='lat' dir='ltr'>falae„</span> 
     </span>
     <span class='ocr_line' id='line_1_14' title="bbox 284 2608 1127 2686; baseline -0.002 -14"><span class='ocrx_word' id='word_1_86' title='bbox 284 2610 342 2672; x_wconf 75' lang='lat' dir='ltr'>Vel</span> <span class='ocrx_word' id='word_1_87' title='bbox 363 2614 421 2684; x_wconf 86' lang='lat' dir='ltr'>alii,</span> <span class='ocrx_word' id='word_1_88' title='bbox 445 2613 495 2686; x_wconf 90' lang='lat' dir='ltr'>qni</span> <span class='ocrx_word' id='word_1_89' title='bbox 517 2608 599 2671; x_wconf 69' lang='lat' dir='ltr'>denis</span> <span class='ocrx_word' id='word_1_90' title='bbox 621 2611 712 2670; x_wconf 85' lang='lat' dir='ltr'>hastis</span> <span class='ocrx_word' id='word_1_91' title='bbox 735 2608 839 2684; x_wconf 80' lang='lat' dir='ltr'>eorpus</span> <span class='ocrx_word' id='word_1_92' title='bbox 862 2610 992 2684; x_wconf 79' lang='lat' dir='ltr'>transfigl</span> <span class='ocrx_word' id='word_1_93' title='bbox 1013 2609 1127 2685; x_wconf 68' lang='lat' dir='ltr'>solent?</span> 
     </span>
     <span class='ocr_line' id='line_1_15' title="bbox 284 2701 1288 2788; baseline -0.003 -15"><span class='ocrx_word' id='word_1_94' title='bbox 284 2701 348 2788; x_wconf 77' lang='lat' dir='ltr'>Ego</span> <span class='ocrx_word' id='word_1_95' title='bbox 371 2714 445 2774; x_wconf 85' lang='lat' dir='ltr'>dabo</span> <span class='ocrx_word' id='word_1_96' title='bbox 468 2716 495 2774; x_wconf 89' lang='lat' dir='ltr'>el</span> <span class='ocrx_word' id='word_1_97' title='bbox 516 2715 664 2781; x_wconf 76' lang='lat' dir='ltr'>talentum,</span> <span class='ocrx_word' id='word_1_98' title='bbox 688 2715 797 2788; x_wconf 88' lang='lat' dir='ltr'>primns</span> <span class='ocrx_word' id='word_1_99' title='bbox 820 2714 869 2786; x_wconf 89' lang='lat' dir='ltr'>qui</span> <span class='ocrx_word' id='word_1_100' title='bbox 891 2714 920 2771; x_wconf 95' lang='lat' dir='ltr'>ln</span> <span class='ocrx_word' id='word_1_101' title='bbox 942 2729 1055 2772; x_wconf 84' lang='lat' dir='ltr'>erucem</span> <span class='ocrx_word' id='word_1_102' title='bbox 1078 2712 1288 2772; x_wconf 79' lang='lat' dir='ltr'>exeuehrrerit:</span> 
     </span>
     <span class='ocr_line' id='line_1_16' title="bbox 286 2812 1151 2889; baseline -0.003 -15"><span class='ocrx_word' id='word_1_103' title='bbox 286 2814 345 2876; x_wconf 81' lang='lat' dir='ltr'>sed</span> <span class='ocrx_word' id='word_1_104' title='bbox 367 2834 401 2876; x_wconf 90' lang='lat' dir='ltr'>ea</span> <span class='ocrx_word' id='word_1_105' title='bbox 422 2819 494 2889; x_wconf 79' lang='lat' dir='ltr'>lege,</span> <span class='ocrx_word' id='word_1_106' title='bbox 518 2823 551 2875; x_wconf 85' lang='lat' dir='ltr'>ut</span> <span class='ocrx_word' id='word_1_107' title='bbox 572 2814 727 2888; x_wconf 80' lang='lat' dir='ltr'>offigantur</span> <span class='ocrx_word' id='word_1_108' title='bbox 748 2814 792 2872; x_wconf 80' lang='lat' dir='ltr'>bis</span> <span class='ocrx_word' id='word_1_109' title='bbox 814 2814 911 2888; x_wconf 86' lang='lat' dir='ltr'>pedes,</span> <span class='ocrx_word' id='word_1_110' title='bbox 934 2814 977 2872; x_wconf 88' lang='lat' dir='ltr'>his</span> <span class='ocrx_word' id='word_1_111' title='bbox 1000 2812 1151 2887; x_wconf 74' lang='lat' dir='ltr'>bracehia3</span> 
     </span>
     <span class='ocr_line' id='line_1_17' title="bbox 285 2896 1266 2990; baseline -0.004 -12"><span class='ocrx_word' id='word_1_112' title='bbox 285 2896 345 2978; x_wconf 75' lang='lat' dir='ltr'>[lbi</span> <span class='ocrx_word' id='word_1_113' title='bbox 366 2920 396 2977; x_wconf 89' lang='lat' dir='ltr'>id</span> <span class='ocrx_word' id='word_1_114' title='bbox 419 2916 610 2989; x_wconf 68' lang='lat' dir='ltr'>malachum,</span> <span class='ocrx_word' id='word_1_115' title='bbox 635 2913 653 2973; x_wconf 70' lang='lat' dir='ltr'>a</span> <span class='ocrx_word' id='word_1_116' title='bbox 675 2934 720 2976; x_wconf 90' lang='lat' dir='ltr'>me</span> <span class='ocrx_word' id='word_1_117' title='bbox 742 2922 891 2988; x_wconf 81' lang='lat' dir='ltr'>argentum</span> <span class='ocrx_word' id='word_1_118' title='bbox 913 2913 1006 2990; x_wconf 77' lang='lat' dir='ltr'>petito</span> <span class='ocrx_word' id='word_1_119' title='bbox 1028 2914 1266 2990; x_wconf 78' lang='lat' dir='ltr'>praesentarium.</span> 
     </span>
     <span class='ocr_line' id='line_1_18' title="bbox 286 3001 1320 3094; baseline -0.004 -14"><span class='ocrx_word' id='word_1_120' title='bbox 286 3018 345 3081; x_wconf 65' lang='lat' dir='ltr'>Sed</span> <span class='ocrx_word' id='word_1_121' title='bbox 367 3038 419 3094; x_wconf 80' lang='lat' dir='ltr'>ego</span> <span class='ocrx_word' id='word_1_122' title='bbox 442 3036 541 3079; x_wconf 85' lang='lat' dir='ltr'>somne</span> <span class='ocrx_word' id='word_1_123' title='bbox 562 3001 675 3094; x_wconf 70' lang='lat' dir='ltr'>infelix,</span> <span class='ocrx_word' id='word_1_124' title='bbox 697 3019 746 3091; x_wconf 88' lang='lat' dir='ltr'>qni</span> <span class='ocrx_word' id='word_1_125' title='bbox 768 3035 823 3077; x_wconf 95' lang='lat' dir='ltr'>non</span> <span class='ocrx_word' id='word_1_126' title='bbox 846 3020 929 3077; x_wconf 78' lang='lat' dir='ltr'>chrro</span> <span class='ocrx_word' id='word_1_127' title='bbox 951 3016 1094 3078; x_wconf 79' lang='lat' dir='ltr'>curriculo</span> <span class='ocrx_word' id='word_1_128' title='bbox 1116 3016 1252 3077; x_wconf 84' lang='lat' dir='ltr'>domum?</span> <span class='ocrx_word' id='word_1_129' title='bbox 1318 3006 1320 3011; x_wconf 66' lang='grc'><strong>’</strong></span> 
     </span>
     <span class='ocr_line' id='line_1_19' title="bbox 201 3117 1314 3198; baseline 0.001 -16"><span class='ocrx_word' id='word_1_130' title='bbox 201 3124 328 3183; x_wconf 88' lang='lat' dir='ltr'><strong>PHILO.</strong></span> <span class='ocrx_word' id='word_1_131' title='bbox 354 3118 510 3198; x_wconf 78' lang='lat' dir='ltr'>[Tandem]</span> <span class='ocrx_word' id='word_1_132' title='bbox 534 3120 616 3180; x_wconf 85' lang='lat' dir='ltr'>adest</span> <span class='ocrx_word' id='word_1_133' title='bbox 637 3117 803 3195; x_wconf 80' lang='lat' dir='ltr'>opsonium:</span> <span class='ocrx_word' id='word_1_134' title='bbox 827 3136 924 3180; x_wconf 86' lang='lat' dir='ltr'>eccum</span> <span class='ocrx_word' id='word_1_135' title='bbox 947 3117 1054 3181; x_wconf 80' lang='lat' dir='ltr'>Tranio</span> <span class='ocrx_word' id='word_1_136' title='bbox 1076 3137 1095 3178; x_wconf 90' lang='lat' dir='ltr'>a</span> <span class='ocrx_word' id='word_1_137' title='bbox 1116 3120 1314 3195; x_wconf 61' lang='grc' dir='ltr'>001011101ἰί0ι</span> 
     </span>
     <span class='ocr_line' id='line_1_20' title="bbox 202 3224 476 3285; baseline -0.004 -1"><span class='ocrx_word' id='word_1_138' title='bbox 202 3226 264 3284; x_wconf 84' lang='lat' dir='ltr'>TR.</span> <span class='ocrx_word' id='word_1_139' title='bbox 286 3224 476 3285; x_wconf 78' lang='lat' dir='ltr'>Philolaches,</span> 
     </span>
     <span class='ocr_line' id='line_1_21' title="bbox 353 3314 770 3397; baseline -0.01 -12"><span class='ocrx_word' id='word_1_140' title='bbox 353 3326 480 3385; x_wconf 87' lang='lat' dir='ltr'><strong>PHILO.</strong></span> <span class='ocrx_word' id='word_1_141' title='bbox 503 3325 579 3397; x_wconf 79' lang='lat' dir='ltr'><strong>Quid</strong></span> <span class='ocrx_word' id='word_1_142' title='bbox 600 3321 664 3384; x_wconf 77' lang='lat' dir='ltr'>est?</span> <span class='ocrx_word' id='word_1_143' title='bbox 767 3314 770 3319; x_wconf 74' lang='grc'>’</span> 
     </span>
     <span class='ocr_line' id='line_1_22' title="bbox 608 3427 957 3498; baseline -0.009 -13"><span class='ocrx_word' id='word_1_144' title='bbox 608 3427 668 3485; x_wconf 89' lang='lat' dir='ltr'>TR.</span> <span class='ocrx_word' id='word_1_145' title='bbox 691 3427 732 3486; x_wconf 85' lang='lat' dir='ltr'>Et</span> <span class='ocrx_word' id='word_1_146' title='bbox 753 3442 805 3498; x_wconf 82' lang='lat' dir='ltr'>ego</span> <span class='ocrx_word' id='word_1_147' title='bbox 828 3432 857 3485; x_wconf 84' lang='lat' dir='ltr'>et</span> <span class='ocrx_word' id='word_1_148' title='bbox 878 3432 957 3483; x_wconf 85' lang='lat' dir='ltr'>tu-</span> 
     </span>
     <span class='ocr_line' id='line_1_23' title="bbox 786 3525 1265 3600; baseline 0.004 -16"><span class='ocrx_word' id='word_1_149' title='bbox 786 3525 913 3584; x_wconf 89' lang='lat' dir='ltr'><strong>PHILO.</strong></span> <span class='ocrx_word' id='word_1_150' title='bbox 938 3526 1013 3598; x_wconf 77' lang='lat' dir='ltr'>Quid</span> <span class='ocrx_word' id='word_1_151' title='bbox 1035 3534 1064 3586; x_wconf 83' lang='lat' dir='ltr'>et</span> <span class='ocrx_word' id='word_1_152' title='bbox 1085 3544 1138 3600; x_wconf 81' lang='lat' dir='ltr'>ego</span> <span class='ocrx_word' id='word_1_153' title='bbox 1160 3534 1191 3586; x_wconf 90' lang='lat' dir='ltr'>et</span> <span class='ocrx_word' id='word_1_154' title='bbox 1211 3527 1265 3586; x_wconf 82' lang='lat' dir='ltr'>tn?</span> 
     </span>
     <span class='ocr_line' id='line_1_24' title="bbox 1101 3627 1345 3698; baseline -0.008 -7"><span class='ocrx_word' id='word_1_155' title='bbox 1101 3630 1161 3691; x_wconf 61' lang='lat' dir='ltr'>Th</span> <span class='ocrx_word' id='word_1_156' title='bbox 1184 3627 1345 3698; x_wconf 77' lang='lat' dir='ltr'>Pe&#39;riinus.</span> 
     </span>
    </p>
   </div>
   <div class='ocr_carea' id='block_1_5' title="bbox 0 0 1494 4396">
    <p class='ocr_par' dir='ltr' id='par_1_5' title="bbox 0 0 1494 4396">
     <span class='ocr_line' id='line_1_25' title="bbox 0 0 1494 4396; baseline 0 0"><span class='ocrx_word' id='word_1_157' title='bbox 0 0 1494 4396; x_wconf 95' lang='lat' dir='ltr'> </span> 
     </span>
    </p>
   </div>
  </div>
 </body>
</html>
