2978 4396
224 278 266 342 42
366 366 369 372 Ι
1126 282 1164 352 11,
1189 283 1217 352 a,
1242 282 1376 340 ua-ee

309 448 475 510 Sermduem
497 456 624 508 nostrum
647 449 696 522 qui
719 448 866 522 adcupet?

373 532 376 536 ⁴
792 551 851 608 TH.
897 550 1004 609 Tnttim
1025 551 1153 625 probeat.

224 656 283 714 TR.
310 652 506 727 circumspice
529 655 624 712 etiam.

554 756 614 813 TH.
638 754 772 814 Nemost:
796 756 914 828 loquere
937 755 1080 814 uduciam.

224 859 284 921 TR.
310 856 443 931 Capitale
466 856 611 915 factumst.
1014 897 1016 901 η

156 975 204 1020 475
553 959 613 1016 ΤΗ.
637 957 714 1030 Quid
738 955 794 1032 [id]
818 957 885 1017 est?
907 976 963 1017 non
985 956 1133 1032 intellego,

224 1063 284 1120 TR.
308 1062 416 1133 Scelus,
440 1060 565 1134 iuquam,
589 1060 725 1119 factumst
746 1059 805 1118 itm
829 1061 878 1118 diu
901 1063 1048 1135 antiquom
1072 1059 1103 1120 et
1124 1069 1221 1134 uetus,

307 1161 479 1237 Antiqu0m3
504 1163 532 1221 id
555 1163 627 1221 adeo
651 1161 710 1221 nds·
725 1180 799 1221 nuuc
821 1163 928 1221 factum
951 1159 1123 1222 inueuimus.

224 1266 283 1323 TH.
309 1266 384 1336 Quid
406 1264 483 1323 istdc
505 1272 549 1324 est
571 1266 687 1323 sceleris
710 1263 763 1323 adt
785 1266 849 1338 quis
872 1265 902 1322 id
922 1263 1017 1324 iecit?
1039 1265 1119 1324 cedo.

223 1367 283 1424 TR.
308 1363 421 1441 Hospes
445 1367 559 1426 uacauit
581 1365 723 1439 hdspitem
747 1365 865 1440 captdm
888 1384 990 1425 mauu:

155 1488 205 1531 sac
307 1470 374 1541 Iste,
398 1468 431 1527 ut
453 1486 514 1545 ego·
529 1469 640 1544 opinor,
664 1469 713 1542 qui
735 1466 788 1526 hds
811 1468 865 1547 tibi
887 1469 966 1527 aedis
989 1467 1130 1528 uendidit.

224 1571 283 1628 TH.
308 1569 453 1630 Necauit‘?

397 1674 457 1731 TR.
481 1675 647 1746 Aurumque
670 1669 792 1746 e'i[dcm]
816 1674 924 1731 ademit
945 1671 1062 1747 hdspiti‚

282 1819 283 1822 η
310 1775 440 1848 Eumque
462 1773 510 1833 htc
533 1774 643 1834 defodit
664 1773 807 1848 hdspitem
831 1775 937 1833 ibidem
960 1776 989 1833 in
1012 1771 1148 1836 aedibus

225 1878 285 1936 TH.
309 1876 493 1951 Quaprdpter
514 1877 544 1935 id
566 1895 617 1935 uns
640 1874 749 1934 factum
773 1875 983 1951 suspicamini?

224 1980 284 2040 TR.
307 1979 371 2052 Ego
396 1976 505 2037 dicam:
530 1980 669 2037 ausculta.
695 1975 771 2052 [ille]
796 1977 830 2036 rit
851 1976 921 2036 ioris
945 1977 1105 2038 canduerat

156 2083 204 2128 usa
263 2091 265 2096 ’
309 2082 385 2140 Tuos
408 2079 522 2154 gnatus,
545 2086 697 2154 postquam
719 2077 808 2138 rediit
830 2097 848 2137 a
870 2079 941 2139 cena
964 2080 1089 2153 domum,

308 2181 428 2242 Abimus
452 2201 548 2243 omues
571 2181 710 2255 adbitum,
735 2179 987 2242 condormtuimus.

307 2283 469 2345 andruam
492 2285 566 2345 forte
589 2282 694 2344 oblitus
717 2283 827 2343 fueram
849 2282 1033 2356 extinguere:

307 2391 403 2463 Atque
426 2386 474 2447 ille
497 2389 639 2447 exclamat
661 2383 818 2461 derepente
840 2385 1010 2444 maxumum.

224 2491 284 2550 TH.
308 2491 377 2561 Quis
399 2490 506 2549 homo?
530 2487 567 2546 du
590 2506 668 2548 meus
691 2488 817 2561 gnatus?

299 2607 300 2612 ¹
714 2590 795 2646 'TR.
840 2587 892 2662 St,
917 2597 994 2647 tace:
1020 2587 1155 2647 ausculta
1175 2589 1274 2653 moda

155 2714 204 2757 490
307 2697 357 2754 Ait
378 2692 494 2754 uenisse
517 2695 597 2751 illum
620 2695 649 2751 iu
672 2691 779 2751 sdmnis
802 2692 838 2750 ad
861 2709 891 2751 se
914 2689 1065 2750 mdrtuom.

223 2797 284 2856 ΤΗ.
307 2796 417 2871 Nempe
440 2792 510 2870 ergo
533 2797 562 2855 in
585 2794 714 2855 soumis?

650 2898 710 2955 TR.
733 2873 793 2954 ia:
817 2896 867 2954 sed
890 2894 1023 2954 ausculta
1046 2895 1139 2954 modo.

198 3023 200 3029 ·
308 3001 357 3058 Ait
378 2998 458 3058 illum
480 2999 534 3058 hoc
557 3006 642 3073 pactc
657 2997 721 3056 -sibi
745 2998 851 3057 dixisse
874 2996 1066 3056 mdrtucm—

223 3104 283 3161 TR.
305 3104 339 3161 In
362 3100 489 3160 sdmuis‘?

417 3204 477 3261 TR.
501 3204 617 3277 Mirum,
642 3201 711 3278 quin
733 3205 866 3277 uigilanti
890 3202 1007 3274 diceret,

273 3315 276 3319 ’
307 3306 362 3376 Qui
385 3304 489 3364 abhinc
511 3307 660 3379 sexaginta
682 3303 765 3364 anuis
789 3303 901 3364 occissis
924 3302 1007 3364 fciet.

305 3408 454 3467 Interdum
476 3408 592 3483 ineptis.

509 3511 568 3568 ΤΗ.
614 3510 718 3568 Taceo.

152 3633 260 3677 nataae
671 3612 730 3682 TR.
756 3611 813 3668 Sed
836 3628 911 3678 ecce,
935 3627 1008 3682 quae
1031 3610 1079 3667 ille
1102 3609 1143 3666 ait
1153 3631 1163 3669 :2

37 4038 213 4142 A
