2978 4396
318 295 361 359 22
1210 303 1233 372 Ι,
1259 303 1285 374 3,
1309 301 1457 360 98-121

249 474 298 520 2⁵⁵
317 467 370 530 80.
394 445 453 528 Ubi
473 476 505 529 tu
526 468 708 541 commoda’a
731 471 868 544 capillum
889 468 1068 535 commodum
1090 487 1154 531 esse
1175 467 1298 532 credie.

317 570 444 667 PHILO.
467 570 538 643 Vah,
562 570 633 644 quid
654 572 706 629 illa
727 578 794 646 pote
816 568 900 646 peius
922 542 1077 646 quicquam
1100 574 1219 632 muiliere
1241 573 1449 633 memorarier‘?

401 671 484 731 Nunc
505 671 685 732 adsentatrix
705 673 862 745 scelestam,
886 673 994 732 dudum
1015 673 1199 733 aduorsatrix
1220 683 1292 734 erat

316 772 444 832 PHILE.
469 769 549 834 cedo
571 790 726 833 cerussam.

641 873 695 934 80.
740 875 815 947 Quid
837 892 954 934 cerussa
975 876 1039 934 nam
1062 876 1170 951 opust'?

955 976 1086 1040 PHILE.
1128 978 1223 1037 Malas
1245 979 1297 1052 qui
1318 975 1461 1042 oblinam.

317 1076 372 1137 80.
397 1051 463 1135 Una
484 1093 574 1150 opera
595 1076 667 1138 ebur
688 1078 847 1138 atramento
869 1075 1055 1137 candefacere
1077 1076 1217 1152 postulas.

248 1186 298 1234 eoo
315 1179 442 1238 PHILO.
466 1174 579 1252 Lepide
602 1179 709 1238 dictum
731 1179 766 1239 de
789 1180 949 1238 atramento
971 1186 1058 1253 atque
1081 1175 1177 1239 ebure.
1203 1197 1284 1253 euge,
1309 1175 1392 1255 [ego]

1147 1263 1264 1338 plaudo,
1288 1264 1415 1339 Scapha

317 1366 446 1426 PHILU.
469 1367 543 1424 Τιἰιιι
563 1371 596 1424 tn
617 1366 707 1438 igitur
729 1365 800 1425 cedo
822 1366 1033 1440 pirnurissum.
1125 1406 1186 1461 ψ,

875 1467 928 1527 80.
963 1466 1029 1526 Non
1051 1467 1104 1526 do:
1120 1434 1263 1526 'inscita’s
1275 1469 1308 1526 tui
1324 1438 1461 1541 cuidem

402 1567 488 1629 Noua
509 1570 625 1644 pictura
645 1564 824 1642 interpolare
845 1569 890 1626 uls
913 1585 985 1642 opus
1007 1568 1243 1642 lepidIssumum?

399 1670 466 1731 Non
487 1673 581 1730 istanc
603 1670 727 1729 aetatem
749 1675 865 1743 oportet
885 1670 1062 1743 pigmentum
1084 1671 1175 1728 ullum
1195 1671 1346 1743 attingere,

400 1769 505 1846 Neque
527 1787 673 1830 cerussam
696 1767 870 1830 melinumuc
892 1766 986 1844 neque
1009 1771 1096 1828 aliam
1116 1772 1205 1829 ullam
1228 1771 1371 1830 officiam.

400 1875 478 1948 Cape
499 1874 590 1946 igitur
610 1873 767 1945 speculum.

248 1985 297 2034 ιιι
411 2024 418 2035 .
627 1973 753 2032 PHILO.
798 1974 836 2032 Ei
856 1973 928 2031 mihi
949 1974 1070 2033 misero:
1093 1974 1205 2033 sanium
1226 1970 1345 2048 speculo
1367 1973 1464 2038 lecit

399 2077 492 2136 Nimia
514 2077 600 2135 uelim
621 2070 759 2148 lapidem,
783 2076 834 2148 qni
855 2092 908 2148 ego
930 2075 974 2132 illi
995 2075 1114 2149 speculo
1136 2075 1320 2134 dimminuam
1342 2083 1446 2149 caput.

315 2180 369 2241 80.
392 2179 527 2238 Linteum
549 2195 621 2252 cape
645 2178 732 2250 atquc
753 2183 874 2249 exterge
892 2175 947 2236 tihi
968 2193 1078 2234 manus.

922 2277 1050 2336 PHILE.
1100 2277 1175 2349 Quid
1196 2279 1246 2350 ita,
1271 2275 1419 2353 opsecro?

44 2400 49 2415 ·
98 2370 104 2387 ”
163 2371 195 2403 ³
197 2370 277 2437 ·s·²·‘
275 2344 369 2443 80.
393 2356 434 2440 Ut
422 2382 602 2456 tepeculum
624 2380 753 2447 tenuisti,
776 2386 872 2438 metuo
895 2375 933 2437 ne
955 2380 1034 2448 olant
1055 2387 1157 2453 argent
1145 2381 1204 2438 tim
1227 2396 1342 2439 manue:

171 2432 228 2471 lm'

198 2442 262 2514 J
398 2482 442 2543 Ne
465 2485 586 2555 isquam
607 2487 757 2554 argentum
779 2488 808 2539 te
831 2480 978 2554 accepisse
1000 2481 1163 2554 sispicetur
1184 2480 1376 2542 Philolaches

245 2595 297 2643 ato
314 2585 442 2646 PHILO.
464 2581 530 2644 Non
551 2583 653 2642 uideor
675 2582 783 2641 uidisse
804 2582 898 2641 lenam
921 2581 1097 2641 callidiorem
1119 2582 1207 2640 ullam
1230 2582 1360 2640 alteram.

400 2660 442 2744 Ut
461 2684 557 2759 lepide
579 2691 666 2758 atque
689 2685 783 2742 aetite
804 2684 835 2741 in
857 2691 979 2743 mentem
1001 2679 1084 2741 uenit
1105 2683 1140 2742 de
1162 2681 1280 2756 speculo
1303 2684 1408 2742 malae.

315 2788 445 2850 PHILE.
467 2774 599 2846 Etiamne
621 2785 773 2858 unguentis
796 2784 978 2857 unguendam
1000 2781 1121 2843 censes?

1033 2884 1087 2944 80.
1131 2886 1260 2945 Minume
1281 2881 1399 2948 tecum.

314 2989 444 3051 PHILE.
467 2985 675 3064 Quapropter?

606 3087 660 3147 80.
705 3087 780 3160 Quia
801 3088 914 3148 ecastor
936 3087 1038 3147 mulier
1059 3083 1140 3146 recte
1162 3089 1231 3164 olet,
1253 3087 1302 3147 ubi
1325 3088 1366 3146 nil
1388 3089 1459 3148 olet.

399 3191 474 3250 Nam
494 3192 584 3251 istaec
606 3196 727 3262 ueteres,
752 3190 826 3263 quae
849 3207 880 3249 se
901 3189 1054 3262 unguentis
1076 3191 1145 3247 rinct
1133 3189 1227 3261 titant,
1250 3188 1419 3262 interpolas,

245 3309 296 3358 alt
399 3290 533 3366 vetulae,
557 3288 721 3372 edentulae,
752 3308 826 3364 quac
848 3291 921 3349 uitia
943 3289 1073 3364 corporis
1095 3289 1161 3349 fuco
1185 3289 1327 3363 occulunt,

400 3369 458 3454 Ubi
480 3393 567 3454 sudor
589 3410 653 3454 cum
675 3388 813 3466 unguent
805 3409 829 3451 rs
852 3409 914 3452 sese
937 3390 1124 3464 consociauit,
1148 3392 1215 3451 llico

284 3572 287 3576 ι
398 3472 501 3556 itidem
523 3496 608 3568 olent,
633 3495 717 3568 quasi
739 3511 825 3568 quom
847 3496 904 3552 uina
926 3495 1016 3551 multa
1037 3493 1102 3551 inira
1124 3491 1254 3552 confudit
1242 3498 1370 3552 tcccuc

400 3598 476 3672 Quid
497 3599 585 3671 olant
609 3596 729 3668 nescias,
753 3596 808 3654 nisi
829 3594 860 3653 id
881 3613 977 3668 unum,
1001 3595 1074 3653 male
1096 3602 1129 3653 ut
1151 3597 1227 3656 olere
1249 3591 1414 3669 intellegas.
