2978 4396
220 237 261 302 aa
1112 241 1161 314 nv,
1187 241 1215 314 3,
1241 240 1375 300 sa-co

220 411 280 469 TH.
303 410 405 482 Pirene,
425 409 467 488 ¹ah
489 408 606 467 nimium
630 397 790 468 delicatu’s.

729 512 790 570 PH.
813 499 850 570 Ei
872 514 1028 573 adnorsum
1048 510 1193 573 uenimus.

220 615 280 673 TH.
305 614 379 686 Quoi
400 613 529 672 homini?
1064 688 1068 697 .

304 716 365 774 ΡΗ.
389 716 448 775 Ero
471 723 578 789 nostro,
604 712 760 790 {inquam}
785 733 901 790 quaeso,
926 716 1059 792 quetiens
1082 718 1269 778 dicundumst
1292 717 1377 778 tibi?

221 820 281 877 TH.
304 817 407 889 Pirene,
424 835 507 878 nemo
525 817 572 876 hic
590 817 720 877 hebitat:
741 836 807 876 nam
822 825 850 878 te
867 836 930 879 esse
949 819 1076 879 erbitror
1093 822 1216 895 puertim
1231 819 1378 895 probum.

153 931 202 975 oso
221 922 280 983 PH.
303 919 369 980 Neu
391 920 438 978 hic
460 919 644 980 Philolaches
667 920 835 980 adulescens
857 920 971 981 hebitat
992 921 1072 982 hisce
1094 923 1124 981 in
1145 921 1294 982 aedibus?

221 1024 280 1081 TH.
305 1022 474 1082 Habitant:
497 1040 598 1082 uerum
621 1023 778 1095 emigrauit
795 1023 907 1096 pridem
929 1025 979 1084 ille
1001 1042 1037 1084 ex
1057 1024 1137 1085 hisce
1160 1024 1295 1084 aedibus.

221 1126 310 1186 ADV.
333 1124 428 1184 senex
449 1124 496 1183 hic
519 1123 696 1185 elleboresus
719 1132 834 1185 certest.

751 1227 812 1286 PH.
835 1214 925 1287 Erras
947 1229 1095 1302 peruerse,
1118 1235 1219 1304 pater:

305 1330 380 1389 Nem
402 1330 458 1387 nisi
478 1329 546 1387 hinc
567 1327 653 1388 hodie
677 1329 831 1402 emigrauit
853 1332 904 1388 aut
926 1330 997 1403 heri,
1021 1330 1101 1390 certe
1124 1332 1184 1392 scio

306 1433 360 1491 Hic
383 1431 524 1491 habitare.

468 1535 528 1593 TH.
552 1533 628 1604 Quin
650 1549 700 1593 sex
723 1534 827 1594 mensis
850 1534 907 1593 iam
929 1534 977 1593 hic
999 1551 1082 1595 nemo
1104 1534 1225 1594 habth

1109 1638 1198 1696 ADV.
1222 1631 1374 1699 Semnias.

222 1741 282 1799 TH.
306 1726 427 1812 Egone?

374 1841 465 1898 ADV.
488 1840 533 1898 Tu
557 1836 630 1914 [ne].

155 1962 202 2008 955
477 1944 538 2005 TH.
560 1942 605 2002 Ne
628 1943 791 2003 molestu’s:
815 1944 877 2004 sine
900 1961 944 2003 me
967 1961 1031 2002 cnm
1053 1960 1144 2018 puero
1168 1939 1251 2017 [hec]
1275 1944 1373 2019 loqui.

306 2047 399 2107 Nemo
421 2045 543 2107 habitat

489 2148 548 2206 PH.
573 2147 693 2207 Habitet
713 2147 860 2223 profecto:
883 2147 951 2206 nem
973 2148 1036 2208 heri
1059 2155 1088 2208 et
1109 2148 1330 2222 nudiustertius,

308 2248 444 2323 Querens,
464 2252 590 2324 quintus,
609 2251 819 2324 serimusque,
833 2249 987 2324 pestqnam
999 2249 1066 2309 hinc
1077 2268 1197 2325 peregre
1210 2251 1271 2310 einis
1283 2257 1378 2326 pater

307 2332 398 2427 Abiit,
421 2371 576 2428 numquam
598 2353 646 2411 hic
668 2353 793 2413 triduom
815 2371 902 2412 unum
926 2354 1079 2414 desitumst
1099 2354 1236 2428 poterier.

223 2459 282 2516 TH.
309 2456 383 2529 Quid
405 2455 471 2514 ais?

415 2557 475 2616 PH.
499 2559 637 2618 Triduom
659 2561 775 2617 dnumst
796 2558 873 2618 haud
891 2559 1086 2617 intermissum
1107 2558 1156 2616 hic
1177 2556 1224 2618 edi
1247 2557 1277 2617 et
1299 2556 1376 2630 bibi,

155 2680 205 2724 sco
308 2659 413 2719 Scert'a
435 2659 510 2733 dnci,
534 2661 728 2734 pergraecari,
751 2659 896 2734 fidicinas,
921 2661 1056 2720 tibicinas

309 2761 421 2820 Addiri.

378 2866 439 2923 ΤΒ.
463 2865 532 2936 Quis
555 2865 647 2924 istaec
668 2864 816 2925 iaciebat?

372 2971 375 2976 '
756 2967 814 3025 ΡΗ.
839 2965 1030 3026 Philolaches.

994 3069 1056 3126 ΤΗ.
1080 3068 1136 3140 Qui
1156 3066 1368 3127 Philolaches?
1401 3064 1405 3072 '

226 3175 286 3231 PH.
311 3173 384 3244 Quoi
405 3177 518 3246 patrem
541 3169 773 3246 Theopropidem
795 3187 858 3231 esse
881 3171 991 3244 opinor.

940 3273 1001 3331 TH.
1024 3272 1063 3331 Ei
1085 3268 1201 3348 [mihi]:
1225 3270 1329 3345 eccidi,

312 3377 343 3435 Si
365 3375 438 3435 haec
459 3375 507 3435 hic
529 3391 600 3436 uera
621 3375 771 3434 memorat.
793 3391 912 3449 pergam
935 3373 1023 3448 perro
1045 3375 1252 3449 perconterier.

314 3480 369 3539 Ain
391 3485 423 3538 tn
444 3478 511 3538 istic
531 3476 635 3552 potere
658 3478 774 3537 solitum
797 3475 995 3536 Philolachem
1017 3477 1113 3551 istum,
1137 3474 1269 3551 quisquis
1292 3483 1350 3550 est,
