2978 4396
664 479 1001 541 PHILOLACHES.

214 673 245 717 85
264 648 390 708 PHILO.
414 647 593 708 Recerdatus
616 650 735 706 multum
758 654 787 708 et
809 649 858 707 dit
881 648 1016 722 cogitem,

214 775 245 819 86

213 1071 246 1114 90

212 1275 244 1320 92

212 1377 245 1422 96

349 754 582 825 Argdmentaque
604 753 755 824 inpactus
779 754 868 810 multa
890 753 1009 824 institui,

348 854 499 912 Hominem
522 855 624 927 quoius
647 853 697 925 rel,
723 855 836 927 quando
859 851 966 925 natust,

349 955 476 1014 Similem
499 952 563 1014 esse
586 953 745 1014 arbitrerer
767 954 1008 1028 simuleerumque
1030 955 1147 1015 habere.

335 1057 384 1126 ‚ld
404 1058 522 1131 repperi
544 1059 601 1115 iam
624 1058 793 1130 exemplum.

347 1156 497 1218 Nonarum
511 1160 633 1232 *aedium
656 1160 718 1218 esse
741 1156 867 1217 arbitrer
889 1157 1009 1218 similem
1032 1176 1084 1231 ego
1107 1156 1259 1233 heminam,

349 1262 470 1332 Quando
492 1261 538 1319 hie
561 1269 644 1320 natus
668 1257 723 1319 est.
747 1262 774 1320 ei
795 1262 838 1320 rei
860 1263 1029 1333 argtmenta
1052 1261 1158 1319 dicam.

302 1358 305 1366 ’
348 1366 443 1437 Atque
466 1362 521 1422 hec
543 1369 655 1423 uosmet
676 1364 741 1437 lpsi,
765 1362 834 1433 scie,
858 1363 980 1436 proinde
1002 1364 1046 1422 ull
1067 1380 1141 1421 nunc

347 1466 410 1538 Ego
434 1467 495 1525 esse
518 1464 644 1536 numme,
669 1465 782 1538 quando
806 1465 883 1522 dieta
905 1461 1031 1523 audietis

345 1569 421 1641 Mea,
446 1568 523 1626 haud
545 1566 631 1626 eliter
652 1568 682 1624 id
705 1568 817 1626 diaetis.

346 1671 524 1740 Auscultate,
548 1672 717 1741 argumenta
739 1668 803 1726 dum
828 1669 892 1727 dico
916 1668 953 1726 ad
974 1667 1049 1726 hene
1072 1686 1146 1727 rem:

350 1771 445 1830 Semel
469 1772 600 1843 gnaruris
623 1788 675 1829 uos
697 1771 764 1829 uolo
787 1771 849 1829 esse
872 1770 945 1827 hane
967 1788 1027 1827 rem
1050 1771 1171 1828 mecum.

349 1874 445 1932 Aedes
468 1890 553 1946 quom
576 1871 719 1945 extemple
742 1878 808 1929 sunt
829 1869 958 1945 paratae,
984 1872 1135 1944 expolitae,

350 1976 458 2033 Factae
479 1974 570 2047 probe
594 1975 772 2044 examussim,

345 2077 485 2135 Laudent
505 2074 617 2134 fabrum
637 2081 723 2148 atque
742 2075 820 2134 aedis
840 2074 979 2146 probant:
1004 2075 1059 2132 sibi
1082 2076 1202 2148 quisque
1225 2077 1291 2134 inde

1031 2179 1191 2250 exemplum
1213 2179 1361 2251 expetunt.

350 2280 412 2337 Sibi
421 2280 649 2353 quisquesimilis
659 2279 722 2337 uelt
733 2267 1102 2352 suas:s'umptumeperam
1112 2296 1167 2336 nen
1178 2281 1302 2351 pareunt
1313 2297 1406 2339 suam.
1448 2259 1451 2264 ¹

348 2363 441 2454 etqui
462 2383 512 2440 ubi
534 2382 583 2440 illo
606 2382 741 2453 mmigrat
762 2382 885 2454 nequam
907 2380 1001 2452 homo,
1031 2381 1193 2453 indiligens,

351 2484 422 2542 Crim
445 2485 528 2558 pigra
549 2483 667 2555 similia,
693 2484 851 2555 inmundus,
875 2464 1046 2554 instrenuus,

349 2587 403 2644 Hie
426 2586 482 2643 iam
505 2585 624 2644 aedibus
647 2586 748 2643 uitium
772 2582 896 2657 additur,
920 2584 1012 2642 bonae
1036 2602 1120 2658 quom
1144 2585 1281 2642 euranttr
1298 2584 1384 2642 male.

349 2664 447 2759 [itque
468 2688 540 2746 illnd
562 2689 649 2760 saepe
671 2685 719 2744 fit:
743 2687 898 2760 tempestas
921 2687 1008 2758 uenit,

351 2788 512 2862 Genfringit
534 2791 646 2861 tegulas
667 2789 873 2861 imbricesque:
898 2788 938 2845 ibi

351 2889 491 2949 Deminus
513 2891 665 2963 indiligens
688 2890 808 2949 reddere
832 2890 903 2946 alies
926 2891 1032 2949 neuolt.

349 2993 438 3050 Venit
458 2992 559 3064 imber,
582 2993 655 3050 lauit
676 2991 820 3066 perietes:
843 2992 1014 3066 perpluont;

349 3093 442 3166 Tigna
462 3092 625 3168 putrefacit,
648 3094 745 3167 perdit
767 3091 884 3167 operam
906 3092 996 3151 fabri:

349 3274 408 3343 Ege
426 3276 506 3341 atque
523 3273 551 3326 in
568 3276 627 3328 mee
646 3273 732 3340 corde,
751 3275 800 3326 sist
817 3274 889 3340 quod
907 3273 972 3325 mihi
990 3289 1043 3340 cur,

349 3359 417 3412 Eam
434 3375 491 3411 rem
508 3358 629 3411 uolutaui
646 3365 673 3410 et
691 3358 736 3411 diu
756 3351 897 3425 disputaui,

350 3446 440 3512 Atque
457 3445 509 3497 hec
526 3444 598 3497 haud
616 3444 723 3497 uidetur
740 3446 798 3496 neri
815 3443 900 3496 simile
919 3443 1008 3497 uebis:

350 3531 388 3583 At
405 3544 453 3599 ego
471 3529 499 3581 id
517 3529 612 3581 faciam
630 3529 667 3581 ita
685 3530 741 3581 esse
759 3536 790 3581 ut
807 3528 929 3581 credetis.

348 3614 472 3668 Profecto
491 3629 546 3667 esse
564 3615 601 3667 ita
618 3616 649 3666 rit
665 3614 790 3681 praedice
808 3629 874 3667 uera
891 3616 1005 3666 uincam.
