2978 4396
195 272 238 336 44
842 236 851 253 ⁶
1097 279 1134 348 11,
1161 278 1188 349 2,
1213 279 1345 336 ‹se-ee

282 446 355 520 ‘Ego
378 445 585 506 triusmeriuus
608 445 716 521 hirspes
740 466 801 505 sum
824 445 1009 521 Diapuntius.
1048 508 1051 514 ,

280 550 334 608 Hic
357 545 472 607 hibitu:
496 549 594 608 deditus
616 546 689 607 heic
713 549 811 607 mihist
831 547 990 608 habitetioz

279 651 354 709 Nam
376 669 420 710 me
442 629 652 711 riccheruntem
674 653 804 725 recipere
828 651 917 709 Orcus
940 651 1040 722 meluit,

281 753 356 824 Quia
377 755 560 826 praemature
583 753 644 812 uita
666 770 759 812 careo.
784 754 838 826 per
859 751 944 812 fidem

280 851 428 929 Deceptus
451 873 529 918 sum:
551 856 656 929 hospes
679 873 723 915 me
745 853 793 912 hic
816 856 938 927 necauit‚
962 854 1044 929 is'que
1067 872 1111 916 me

279 956 400 1017 Deftidit
421 957 595 1032 insepultum
619 959 693 1015 eiam
714 958 744 1014 iu
766 957 845 1016 hisce
869 953 998 1029 aedibus,

281 1054 435 1132 Scelestus,
460 1061 524 1118 euri
546 1057 643 1118 carisa.
666 1076 741 1117 nunc
763 1065 793 1117 tu
816 1059 882 1118 hinc
905 1056 1031 1131 emigra:
1149 1067 1151 1071 ’

280 1161 425 1221 Scelestee
448 1158 504 1220 hae
526 1168 593 1220 sunt
615 1161 710 1238 aedes,
733 1159 841 1235 iupiest
862 1159 1023 1220 hubititm)

118 1279 178 1325 sos
282 1263 362 1334 Quae
385 1263 431 1321 hic
453 1262 581 1322 munstre
603 1263 683 1335 fiunt,
708 1261 783 1321 inno
806 1264 855 1320 uix
876 1280 992 1336 possum
1016 1264 1124 1337 eloqui.

283 1364 317 1422 St
338 1371 381 1423 sti

198 1467 359 1538 TH.,Quid
382 1465 503 1542 ipsecrc
525 1466 621 1526 hercle
643 1465 802 1525 fictumst?

747 1569 807 1625 TR.
832 1565 1006 1641 Concrepuit
1026 1567 1106 1630 feris.

197 1671 258 1730 ΤΗ.
280 1669 383 1730 Hicine
404 1669 569 1746 percussit?
591 1670 704 1743 guttam
726 1669 803 1728 haud
825 1669 917 1729 habeo
940 1668 1102 1743 singuinis:

279 1772 384 1832 Viurim
407 1791 451 1832 me
473 1779 625 1832 accersunt
645 1749 857 1831 riccheruntem
879 1770 994 1830 mertui.

122 1890 178 1934 ,510
196 1875 257 1934 TR.
280 1874 375 1936 Perii:
397 1873 489 1934 illisce
512 1874 596 1934 hodie
618 1874 692 1932 hanc
715 1874 928 1933 cinturbabunt
949 1872 1083 1932 fibulam.

269 1975 374 2034 'Nimis
397 1975 484 2051 quim
506 1975 638 2048 formido,
662 1977 699 2034 ue
722 1975 882 2035 manufesto
904 1975 951 2033 hic
974 1992 1018 2035 me
1042 1975 1194 2050 ripprimat.

198 2078 258 2137 TH.
282 2078 359 2150 Quid
382 2078 445 2137 trite
468 2085 562 2137 tecum
583 2076 724 2151 liquere?

545 2217 548 2223 ·
655 2181 715 2237 TR.
739 2179 870 2253 Apscede
893 2179 928 2236 ab
951 2179 1051 2237 iit-uua:

282 2283 372 2354 Fuge,
398 2280 518 2355 ‹ipsecru
540 2281 646 2340 hercle.

466 2373 468 2376 ’
596 2383 657 2441 ΤΗ.
681 2382 744 2454 Qui
767 2363 898 2455 fugiam?
922 2384 1007 2441 etiam
1029 2381 1061 2439 tt
1085 2380 1161 2453 fuge.

201 2486 262 2544 TR.
286 2485 366 2543 Nihil
382 2486 442 2567 'ego
464 2473 602 2545 formido:
626 2486 683 2559 pix
697 2484 801 2551 mihist
825 2501 888 2542 cum
912 2484 1041 2543 murtuis.

198 2586 323 2647 INTVS.
354 2588 440 2660 Heus,
464 2587 581 2645 Triuio.

133 2706 182 2752 ⁵15
524 2690 585 2751 TR.
608 2688 672 2747 Non
694 2707 739 2748 me
761 2687 930 2767 rippflellabis,
954 2684 978 2744 si
1002 2688 1089 2761 sepis,

283 2791 363 2848 Nihil
387 2792 440 2863 ego
463 2792 627 2863 commerui,
652 2791 745 2864 neque
767 2791 837 2848 istus
860 2787 990 2863 percussi
1012 2787 1091 2847 ioris.
1141 2838 1143 2843 .

199 2894 259 2952 TH.
283 2892 397 2965 Quaesri
420 2892 490 2966 quid
513 2891 601 2966 [istuc
624 2891 686 2950 est?
709 2890 783 2964 quur
804 2887 977 2964 sermonem]
1001 2890 1155 2963 segregus?
1178 2943 1180 2946 .

200 2993 275 3070 [TR.
298 2997 375 3055 Caue
398 2995 518 3053 uerbum
540 2994 643 3052 iaris·

556 3097 615 3153 TH.
640 3092 722 3166 Quae
744 3093 804 3168 r]es
827 3102 855 3153 te
878 3095 979 3167 agitat,
1003 3091 1131 3153 Triuici

286 3199 406 3269 Quicum
430 3198 519 3256 istaec
542 3196 679 3271 loquere?

619 3301 679 3357 Tm
703 3301 749 3357 An
771 3299 880 3372 quaeso
903 3304 934 3356 tu
957 3295 1179 3371 eppelltueras?

123 3420 182 3465 ‚suo
284 3404 330 3460 Ita
352 3401 398 3460 me
421 3401 450 3459 di
473 3401 618 3473 amabunt,
642 3399 784 3459 murteum
807 3401 886 3457 illum
910 3398 1022 3457 credidi

284 3502 486 3578 Expcstulare,
511 3501 580 3577 quie
601 3503 806 3576 percussissem
829 3500 906 3560 ioris.
