2962 4396
202 274 244 341 26
1004 279 1027 352 1,
1042 279 1069 352 3,
1095 278 1221 351 111-1,
1245 278 1276 354 4,
1303 277 1342 334 11

200 447 328 507 PHILO.
351 447 431 506 Beue
452 447 541 520 igitur
558 447 633 507 ratio
652 447 764 522 §ccepti
781 453 869 521 atque
887 445 1008 522 expensi
1025 448 1101 509 iuter
1116 464 1167 508 uos
1185 445 1342 509 cbnueuit:

130 563 183 611 act
285 551 331 608 Tu
352 566 397 608 me
418 565 507 618 amas,
530 565 583 622 ego
605 549 635 607 te
657 565 737 608 amo:
760 551 863 611 merito
884 551 915 610 id
936 549 1002 610 fieri
1022 558 1142 624 uterque
1164 550 1331 611 existumat.

285 652 365 711 Haec
387 652 438 725 qui
458 650 592 724 gaudent,
616 651 760 724 gaudeant
781 652 924 726 perpetuo
945 669 998 712 suo
1020 649 1135 727 semper
1156 651 1248 713 bono:

286 753 342 826 Qui
363 753 501 826 inuident
524 770 678 827 numquam
700 753 799 812 eorum
822 755 974 828 quisquam
994 754 1124 814 inuideat
1144 771 1272 898 gwsusffi

1129 856 1144 898 c
1165 856 1240 901 mmo
1272 855 1297 897 s.

200 939 329 999 PHILE.
350 918 415 1013 Age
437 940 575 1001 accumbe
596 941 693 1013 igitur.
717 935 791 999 cedo
813 957 917 1014 aquam
940 939 1081 1083 manibuls3
1103 943 1192 1081 puzre
1201 1027 1231 1084 ul
1225 957 1342 1015 appone

1082 1042 1097 1084 c
1119 1043 1145 1084 m
1167 1043 1199 1084 ns
1232 1042 1297 1085 am:

284 1127 367 1201 Vide,
390 1128 443 1186 tali
463 1126 515 1187 ubi
535 1128 602 1187 sint.
624 1128 674 1187 uin
695 1125 865 1200 unguente?

604 1229 732 1288 PHILO.
794 1229 870 1302 Quid
891 1227 996 1303 opust?
1019 1246 1083 1288 cum
1103 1235 1198 1288 stacta
1219 1227 1342 1289 eccubo.

285 1328 435 1391 sedensue
446 1331 493 1389 hic
505 1348 584 1390 meus
596 1331 712 1404 sodtlia
726 1331 776 1404 qui
786 1331 842 1390 huc
854 1328 965 1391 incedit
975 1347 1040 1389 cum
1050 1346 1103 1390 sua
1114 1328 1229 1389 amica?
1247 1331 1273 1389 is
1287 1340 1343 1391 est.

233 1496 237 1503 ,
284 1433 486 1493 Otllidamates
508 1435 574 1493 cum
595 1434 688 1492 amica
709 1450 808 1492 eccum
829 1429 948 1492 incedit.
971 1449 1051 1506 euge,
1074 1433 1174 1491 oculus
1196 1449 1293 1492 meus:

285 1532 466 1595 Gbuueuiunt
487 1535 677 1610 manuplares
690 1551 782 1607 eccm,
805 1535 944 1610 praedam
964 1529 1124 1608 participes
1145 1539 1259 1607 petunt.

243 1822 559 1885 CALLIDAMATES.
581 1822 788 1882 DELPHIVM
810 1817 908 1900 (CVM
928 1820 1292 1893 ADVORSITORIBVS).

399 1925 680 1986 PHILOLAGHES.
702 1925 992 1986 PHILEMATIVM.
1014 1924 1142 1982 PVERI.

202 2078 261 2139 CA.
284 2076 448 2138 aduersum
470 2078 564 2138 ueniri
585 2079 656 2137 mihi
677 2078 714 2136 id
734 2076 932 2138 Philblechcm

284 2180 359 2241 volt
381 2182 511 2256 temperi.
535 2181 619 2240 audi:
643 2198 695 2253 em,
719 2180 773 2239 tibi
795 2181 1002 2254 imperitumst.

132 2291 182 2336 aus
285 2282 360 2343 Nam
381 2283 425 2341 ssli
447 2282 496 2342 ubi
517 2281 568 2356 fui,
591 2283 657 2343 inde
680 2279 769 2356 effugi
790 2281 885 2342 iores:

284 2389 331 2447 Ita
353 2382 406 2444 me
422 2387 496 2445 male
518 2385 634 2445 conuiui
654 2385 696 2442 ibi
718 2383 913 2457 eermbuisque
936 2380 1095 2443 taesumst’

285 2489 369 2547 Nunc
391 2486 604 2546 summissatum
625 2486 674 2546 ibo
696 2487 734 2544 ad
755 2484 991 2558 Philblachetem
1014 2485 1064 2544 ubi
1086 2503 1137 2545 nos

286 2591 379 2649 Hilari
401 2592 514 2664 iugenio
536 2597 567 2651 et
586 2588 683 2662 lepide
705 2589 837 2661 accipiet.

285 2692 401 2767 Ecquid
422 2692 476 2752 tibi
497 2689 600 2751 uiuetr
622 2689 964 2750 ma—ma—madere?

78 2796 189 2849 stessi
200 2795 265 2856 DE.
289 2795 410 2868 semper
430 2797 503 2855 istoc
525 2789 611 2853 modu
634 2799 761 2851 moratus
782 2791 882 2867 ui[uis,
906 2791 983 2852 haud
1005 2789 1064 2865 u]ti
1085 2791 1220 2853 debebas.

201 2899 260 2958 ΟΔ,
283 2897 371 2956 Visne
393 2913 446 2969 ego
467 2902 496 2955 ts
518 2911 553 2953 ac
574 2901 607 2954 tu
628 2910 673 2952 me
695 2891 890 2967 amplectere?

201 3000 265 3059 DE.
290 2999 322 3056 Si
343 2998 398 3057 tibi
418 2996 514 3057 ficere
537 2996 653 3068 cordist,
678 2996 754 3055 licet.

690 3098 748 3157 ΟΛ.
771 3093 919 3171 Lepida’s.

285 3202 351 3261 Duc
371 3219 417 3261 me
438 3198 552 3260 amabb.

605 3300 670 3361 DE.
693 3302 771 3361 caue
792 3297 830 3359 ue
853 3301 956 3359 cades:
980 3301 1052 3360 ista.

128 3421 182 3466 aas
202 3406 261 3466 CA.
285 3404 329 3462 Oh
351 3403 405 3464 ehu
429 3405 536 3465 ocellus
560 3403 591 3463 es
613 3409 709 3463 meust
732 3401 798 3461 tutis
821 3420 883 3460 sum
906 3404 1044 3475 alumnus,
1068 3402 1125 3461 mel
1147 3360 1265 3462 meum.¹

201 3508 276 3567 DE·
289 3508 366 3568 Oiue
388 3507 481 3579 modo,
505 3503 647 3580 ueprius
670 3505 700 3562 in
721 3506 770 3563 uia
791 3504 944 3563 accumbas

288 3610 380 3681 Quem
401 3610 454 3682 illi,
478 3608 528 3668 ubi
548 3605 642 3667 lectus
665 3613 710 3667 est
731 3606 837 3665 stritus
860 3607 979 3665 coimus
