2978 4396
1140 281 1162 351 I,
1188 282 1215 350 2,
1240 280 1370 337 32-63

306 449 437 524 Nequior
458 449 553 508 iectus
576 451 661 508 iamst
683 452 749 508 risus
773 451 904 510 aedium

307 533 405 626 litque
427 553 505 610 hond
528 553 573 611 cst
592 551 668 610 fabri
691 554 784 625 culpa,
808 551 859 610 sed
881 549 985 623 dogna
1006 569 1073 624 pars

305 653 418 713 Morem
440 654 517 712 hunc
539 654 728 712 induxerunt:
753 655 778 710 si
801 654 870 726 quid
892 656 1005 712 ndmmo
1028 654 1130 712 sarciri
1151 659 1255 726 potest,

309 733 407 830 chne
431 754 562 814 mantdnt
583 775 675 830 neque
697 756 728 813 id
749 754 869 831 ficiunt,
893 753 1025 815 donicum

306 839 436 918 Pdrietes
456 867 557 930 ruont3
578 858 768 917 aedificantur
785 858 871 916 aedes
892 865 970 917 totae
990 858 1094 917 denuo.

307 962 386 1020 Haec
409 962 576 1032 argumenta
598 977 651 1032 ego
674 958 813 1018 aedificiis
837 960 915 1018 dixi:
939 977 1013 1018 nnnc
1035 961 1121 1019 ctiim
1144 961 1211 1018 uolo

306 1063 419 1134 Dicere,
443 1069 476 1121 ut
498 1062 625 1120 homines
649 1062 763 1120 aedium
786 1079 847 1120 esse
871 1062 972 1119 similis
995 1062 1184 1120 arbitrcmini.

307 1164 503 1222 Primumdum
524 1164 659 1237 parcntes
682 1162 758 1221 fabri
779 1163 900 1222 liberium
923 1170 998 1221 sunt.

306 1266 344 1350 Ei
365 1265 581 1324 fundamentdm
602 1263 771 1338 supstruont
792 1264 957 1336 liberdrum,

306 1366 466 1439 Extollunt,
490 1368 594 1440 pordnt
615 1368 713 1426 sedulo
737 1368 777 1426 eis
801 1367 972 1439 firmitdtcm

306 1470 397 1529 Utin
419 1471 501 1528 risum
523 1469 591 1529 boni
613 1471 670 1528 sint
692 1470 772 1528 etin
795 1470 920 1542 speciem
942 1468 1067 1543 populo:
1149 1462 1166 1485 ‘

307 1572 427 1646 Sibiquc
448 1578 500 1639 aut
520 1563 658 1630 materiae
681 1572 849 1644 nepdrcunt,

306 1673 368 1733 Neo
391 1676 520 1748 sumptus
544 1673 600 1730 sibi
622 1674 749 1747 sumptui
772 1674 835 1732 esse
858 1673 974 1732 ducunt.

305 1774 472 1850 Expdliunt
497 1775 601 1835 docdnt
622 1776 742 1847 litteris,
766 1777 838 1847 iure,
862 1776 950 1848 liges.

306 1877 452 1950 Nitimur,
476 1886 509 1936 ut
530 1879 581 1936 eiii
599 1878 655 1935 sibi
677 1895 739 1937 esse
757 1876 872 1936 illorum
889 1879 989 1936 similis
1013 1877 1173 1952 expetant*

306 1981 353 2039 Ad
373 1961 515 2052 legionem
537 1981 721 2039 adminiclum
743 1981 784 2040 eis
808 1981 916 2039 danunt

306 2084 380 2142 Tum
402 2084 459 2140 ium
481 2084 604 2156 dliquem
628 2085 781 2154 cognatum
803 2100 894 2144 suom.
1339 2158 1342 2162 Δ

306 2172 434 2244 Eatenus
457 2184 565 2243 abeunt
586 2185 603 2241 d
624 2183 723 2242 fabris,
746 2203 833 2243 unum
856 2184 1005 2243 emeritum
1028 2184 1078 2243 ubi
1100 2182 1319 2258 stipendiumst„

253 2296 254 2300 ’
306 2286 399 2358 Igitur
420 2292 480 2344 tum
503 2287 647 2360 specimen
670 2286 804 2354 cemitun
830 2304 886 2358 quo
909 2287 1026 2344 eueniat
1046 2284 1217 2345 oedificdtio.

307 2387 381 2446 Ndm
403 2405 455 2460 ego
479 2387 516 2444 ad
537 2388 609 2445 illdd
631 2385 707 2460 frugi
728 2405 819 2460 usque
842 2388 872 2446 ct
893 2388 1000 2461 probus
1023 2386 1074 2460 fui,

306 2467 339 2546 in
361 2488 507 2548 fabrordm
530 2490 674 2562 potestdte
697 2489 763 2547 dum
785 2488 836 2547 fui.

306 2591 421 2663 Postea,
446 2609 532 2665 quom
554 2591 708 2662 inmigrani
729 2573 873 2663 ingenium
896 2592 925 2649 in
948 2608 1049 2664 mcum,

309 2694 428 2752 Perdidi
450 2693 567 2766 operim
588 2691 736 2751 fabrorum
758 2693 825 2752 ilico
848 2693 965 2766 oppido.

306 2797 393 2855 Venit
415 2796 546 2868 ignituia:
571 2812 606 2853 ee
627 2794 699 2851 mihi
721 2796 875 2867 tempestds
898 2794 967 2853 fuit:

306 2885 346 2957 Et
367 2905 484 2958 uentum
507 2904 537 2956 et
558 2895 726 2969 grandinem
748 2897 787 2953 mi
809 2896 942 2956 imbrices
965 2893 1072 2956 ontulit.

309 3000 386 3059 Haec
407 2997 611 3058 uerecdndiam
634 2997 673 3054 mi
695 2997 726 3055 ct
746 2997 862 3055 uirtutis
885 2998 1000 3056 modum
1143 2989 1146 2995 ’

305 3100 482 3160 Deturbauit
504 3099 670 3173 detexitque
692 3116 711 3157 a
732 3115 776 3158 mc
798 3099 876 3158 iiico,

305 3201 428 3262 Postilla
450 3201 580 3275 optigere
603 3218 665 3260 eam
689 3201 843 3273 neglegens
865 3199 922 3259 ini:

306 3305 448 3365 Continuo
471 3321 524 3376 pro
546 3303 637 3363 imbre
660 3300 741 3362 amor
763 3302 881 3360 aduenit
904 3300 1073 3376 [grindibus
1097 3304 1184 3375 guttis
1207 3301 1344 3377 pluens]:

306 3408 335 3464 Is
358 3408 448 3479 isque
471 3406 501 3464 in
522 3412 622 3478 pectus
645 3405 837 3478 permanauit
861 3403 1069 3477 permadeiecit
1090 3403 1141 3463 cor
1163 3423 1265 3464 meum.

306 3620 420 3688 Sumptd
438 3633 486 3672 suo
504 3624 531 3671 et
548 3617 646 3671 labore.
