2978 4396
663 869 833 970 nctus
867 872 901 939 ν.

704 1149 862 1209 TRANIO.

208 1285 268 1342 Tu.
292 1285 348 1356 Qui
369 1284 456 1344 homo
478 1285 595 1344 timidus
619 1286 677 1344 erit
697 1286 726 1343 in
748 1285 834 1344 rebus
858 1285 964 1363 dubim,
986 1287 1071 1344 nauci
1093 1284 1149 1344 uon
1173 1285 1249 1344 eritr
1302 1358 1304 1363 k

141 1405 205 1448 1042
292 1366 390 1461 litque
414 1387 557 1460 equidem,
582 1388 652 1461 quid
673 1387 704 1445 id
727 1388 791 1446 esse
814 1387 908 1445 dicum
930 1376 1052 1446 uerbum
1075 1388 1169 1460 nauci,
1193 1388 1305 1446 nescio.
1335 1408 1338 1412 ·

142 1506 205 1550 4044
286 1489 366 1548 ¹Nom
388 1507 453 1549 erus
477 1507 522 1548 me
544 1483 700 1564 postquim
722 1507 772 1548 rus
795 1491 880 1562 misit,
902 1488 995 1549 filium
1013 1498 1046 1549 ut
1063 1507 1145 1549 suom
1164 1485 1359 1571 accerserom,

140 1607 204 1653 4045
290 1568 361 1649 lton
382 1593 434 1649 illa
455 1609 509 1666 per
531 1593 713 1666 tngiportum
737 1592 774 1651 ad
796 1591 913 1652 hortum
934 1600 1065 1653 nostrum
1088 1593 1258 1651 cliuculum.
1335 1613 1339 1618 “

293 1675 407 1753 Ostium
430 1694 508 1767 quod
529 1695 559 1751 in
581 1695 764 1768 angiportum
786 1693 1021 1768 horti,'patefeci
1042 1694 1122 1767 foris,

292 1785 394 1868 anue
417 1795 503 1854 eduxi
526 1796 637 1855 omnem
661 1797 811 1868 legionem,
836 1795 895 1871 quit
917 1798 1004 1855 maris
1028 1814 1086 1870 qua
1107 1796 1237 1882 feminas.

293 1897 452 1971 Postquam
474 1915 510 1956 ex
532 1897 683 1972 opsidione
705 1900 735 1956 iu
757 1905 850 1957 tutum
873 1898 959 1957 eduxi
982 1899 1157 1972 manuplnris
1180 1914 1268 1969 meos,

295 1999 385 2074 thio
408 2001 569 2072 consilium,
593 2002 627 2059 ut
648 2006 779 2059 senatum
802 1999 1011 2074 congerronum
1034 1999 1200 2060 conuocem.

295 2100 387 2172 Quom
410 2095 496 2178 [eum]
520 2103 687 2175 conuociui,
711 2109 798 2175 etque
819 2103 864 2160 illi
886 2120 931 2161 me
954 2102 990 2160 ex
1012 2109 1114 2162 senatu
1136 2104 1304 2173 segregant

295 2179 354 2261 [im
376 2211 489 2276 egomet
510 2201 598 2263 uideo
621 2222 681 2263 rem
704 2206 782 2264 uorti
803 2207 833 2262 in
855 2205 919 2264 meo
942 2203 1015 2272 foro,
1040 2207 1178 2277 quantum
1200 2211 1309 2277 potest,

294 2305 385 2363 Picio
406 2305 483 2364 idem
502 2305 579 2380 quod
597 2307 723 2379 plurumi
742 2307 801 2377 alii,
820 2306 923 2380 quibus
942 2324 988 2365 res
1008 2306 1110 2365 timido
1128 2314 1179 2364 aut
1194 2306 1365 2366 turbidast:

296 2408 425 2481 Pergunt
445 2407 563 2466 turbore
585 2410 685 2482 usque,
709 2415 799 2467 utne
822 2408 891 2482 quid
914 2404 1010 2481 possit
1031 2408 1245 2483 conquiesceret

296 2509 369 2568 Num
389 2510 449 2569 scio
469 2509 602 2582 equidem
618 2512 697 2569 millo
713 2518 799 2584 pacto
819 2511 876 2568 ium
896 2511 959 2568 esse
976 2527 1061 2584 posse
1080 2510 1152 2569 haec
1164 2510 1236 2567 olum
1249 2524 1366 2573 senem.

296 2605 312 2639 ³1⁸
400 2605 416 2640 *
503 2605 519 2639 *
813 2606 829 2639 *
917 2606 932 2640 *
1021 2606 1036 2640 *
1124 2607 1140 2640 *
1227 2604 1243 2639 *

607 2606 622 2639 4
710 2605 726 2640 4

297 2709 312 2741 4
401 2709 416 2740 4
505 2708 520 2741 4
608 2708 623 2740 4
711 2708 726 2741 4

297 2810 312 2844 4
400 2809 415 2843 4
494 2800 517 2843 ’4
606 2810 622 2843 4
710 2810 725 2843 4

815 2709 830 2741 4
919 2709 933 2741 4
1022 2710 1037 2741 4
1126 2707 1141 2741 4
1229 2707 1245 2740 4

785 2846 789 2854 ,
814 2810 830 2843 4
917 2811 933 2843 4
1022 2810 1037 2844 4
1125 2809 1141 2844 4
1228 2810 1243 2843 4

918 2914 934 2945 4
1022 2912 1037 2945 4
1125 2912 1141 2946 4
1228 2911 1244 2945 4

296 2912 311 2946 *
400 2912 415 2946 *
503 2912 519 2945 *
606 2911 622 2945 *
711 2913 726 2945 *
815 2911 830 2945 *

296 3018 527 3094 Praeoccupabo
549 3001 637 3093 atque
660 3021 841 3079 iuteuenium
865 3029 894 3080 et
915 3020 1017 3080 foedus
1039 3018 1158 3080 feriam:
1183 3020 1227 3077 me
1250 3037 1366 3083 moron

297 3123 355 3182 Sed
378 3121 524 3196 quidhoc
547 3128 599 3194 est,
624 3122 700 3196 quod
722 3118 795 3179 foris
818 3123 989 3196 concrepuit
1009 3119 1170 3195 proxumae
1192 3121 1347 3182 uiciniae?

297 3211 374 3283 Erus
397 3242 476 3284 meus
498 3225 545 3282 hic
569 3224 729 3301 quidemst:
754 3233 870 3297 gustare
892 3241 945 3296 ego
969 3225 1031 3284 eius
1054 3225 1214 3284 sermonem
1236 3224 1319 3285 uolo,

426 3366 736 3453 nunonuomnnn
781 3393 936 3452 runnuo.
981 3394 1086 3453 40444
1114 3395 1154 3456 44.

213 3536 274 3594 ΤΗ.
296 3510 367 3591 ineo
389 3533 467 3591 intra
488 3531 575 3591 limen
598 3538 691 3590 estate
713 3532 765 3604 ssli,
789 3539 831 3604 ut,
856 3549 941 3604 quom
964 3528 1110 3605 extemplo
1133 3547 1245 3602 uocem,

147 3657 211 3702 1065
299 3632 444 3696 Continuo
467 3634 607 3693 exilittis:
631 3634 757 3692 municas
780 3633 913 3692 celeriter
935 3634 1089 3692 conectite.
