2978 4396
271 287 315 353 58
570 295 623 367 III,
650 296 676 369 l,
703 296 1255 358 109.117-118.110-116.119-120.
1273 302 1417 360 124-132

356 461 514 522 Pauusat:
537 464 595 521 ium
616 464 702 525 homo
724 466 754 523 iu
776 463 942 526 mercatura
962 467 1097 527 uertitur.
1318 540 1323 551 Ι

203 578 253 623 eeu
271 565 333 623 ΤΒ.
355 563 430 622 Nam
451 561 608 640 pestquam
629 565 701 625 bueo
724 567 809 626 aedes
830 567 873 627 ita
894 577 978 628 eruut
998 577 1032 628 ut
1052 569 1112 629 dixi
1134 571 1196 643 tibi,
1316 554 1320 576 ¹

355 665 527 727 Continuost
548 669 620 726 alies
643 664 725 726 aedis
748 671 892 729 mercatus
913 671 979 730 eibi.

271 768 332 826 ΤΗ.
355 769 413 827 Ain
434 775 467 828 tu
488 765 593 828 aedis?

537 873 599 932 ΤΗ.
621 871 710 931 Aedis
731 871 860 947 inquam.
883 873 935 932 sed
955 875 1017 933 sein
1040 874 1243 949 queiusmodi‘?

271 970 331 1029 ΤΗ
356 972 412 1043 Qui
433 970 508 1032 seire
528 973 668 1048 possum?

597 1076 657 1133 TR.
682 1074 758 1134 Veh.

719 1179 779 1236 TH.
803 1178 879 1250 Quid
901 1178 967 1238 est?

922 1281 983 1338 TR.
1006 1279 1049 1340 Ne
1072 1278 1119 1339 me
1140 1300 1223 1355 roge.

270 1378 331 1437 TH.
354 1378 428 1438 Nem
451 1377 521 1454 quid
542 1379 604 1439 itu?

515 1476 1369 1541 TR·********

201 1576 474 1646 eeu**

581 1585 699 1658 speculo
722 1582 832 1643 clerus:
856 1581 998 1645 elerorem
1020 1586 1138 1644 merum'.

270 1685 330 1743 ΤΗ.
353 1685 432 1745 Bene
453 1681 552 1745 hercle
574 1684 690 1744 factum.
715 1684 793 1760 quid,
818 1703 866 1746 eus
890 1687 990 1760 quanti
1012 1683 1161 1746 destinet?

270 1787 330 1845 TR.
354 1783 485 1846 Talentis
508 1788 617 1860 maguis
640 1784 772 1861 tetidem,
796 1794 868 1862 quot
888 1806 941 1861 ego
964 1795 993 1848 et
1014 1787 1047 1847 tu
1070 1806 1177 1852 sumus.

251 1909 256 1917 ·
355 1888 413 1949 Sed
434 1886 570 1949 arraboni
592 1888 643 1946 has
671 1886 754 1948 dedit
776 1888 969 1963 quadregiute
991 1891 1098 1949 minas.

356 1984 371 2018 *
459 1984 475 2019 *
562 1984 578 2018 *
665 1985 681 2019 *
872 1985 888 2018 *
976 1985 991 2019 *
1078 1986 1094 2019 *
1181 1988 1197 2020 *
1285 1986 1301 2020 *
1401 1987 1418 2021 *

193 2110 252 2155 16⁵⁰
354 2093 428 2151 Hine
451 2091 581 2166 sumpsit,
606 2110 677 2167 ques
700 2093 728 2152 ei
750 2089 891 2152 dedimus.
916 2095 990 2151 setin
1013 2090 1182 2167 intellegis?

271 2195 332 2253 ΤΗ.
354 2195 434 2254 Beue
455 2191 554 2254 hercle
575 2193 693 2253 fuctum.

625 2297 689 2355 DA.
712 2297 798 2369 Heus,
822 2297 879 2353 iem
902 2294 1016 2370 edpetit
1037 2294 1181 2356 meridies.

271 2399 332 2462 TR.
355 2394 486 2472 Apselue
508 2399 584 2458 hune
607 2380 723 2472 quaese,
747 2395 861 2456 uumitu
883 2415 918 2457 ne
940 2397 988 2456 hie
1010 2416 1062 2457 nos
1086 2395 1197 2459 enecet.

272 2500 333 2563 ΤΗ.
356 2497 544 2573 ΑὼιΙέεοθηε,
568 2517 679 2559 meeum
701 2496 763 2558 rem
786 2499 870 2558 hebe.
897 2526 902 2535 ·

830 2602 893 2660 DA.
916 2601 1027 2676 Nempe
1050 2618 1102 2676 eps
1127 2597 1158 2660 te
1179 2603 1296 2675 petam?

273 2705 334 2763 ΤΗ.
357 2701 456 2764 Petite
480 2721 553 2766 eres.

479 2808 561 2869 DA.
583 2805 679 2866 Abeo:
703 2803 751 2864 set
772 2805 873 2878 habeo,
898 2807 923 2864 si
946 2803 1011 2864 cres
1034 2805 1104 2864 fero.

205 2928 253 2973 655
272 2911 332 2968 TR.
356 2909 468 2968 Melum
491 2909 568 2984 quod
589 2909 638 2968 isti
660 2904 690 2966 di
713 2907 841 2980 deaeque
865 2903 963 2967 omnes
987 2907 1084 2966 duint:

356 3013 403 3071 Ite
424 3007 490 3070 mee
512 3011 633 3070 consiliu
654 3005 808 3084 perturbat
829 3006 1021 3083 paenissume.

357 3113 475 3173 Nullum
498 3108 604 3186 edepol
625 3111 712 3172 hodie
734 3107 826 3183 genus
850 3117 894 3170 est
916 3111 1061 3170 homiuum
1085 3106 1206 3169 taetrius

357 3215 419 3274 Nee
441 3213 533 3274 minus
556 3213 630 3274 bouo
654 3231 719 3272 eum
741 3211 814 3283 iure,
839 3229 925 3287 quem
948 3210 1129 3271 danisticum.

274 3318 335 3377 ΤΗ.
359 3318 451 3389 Qua
443 3336 473 3375 1u
494 3312 614 3390 regione
635 3317 706 3374 istae
730 3311 815 3372 aedis
835 3315 904 3373 emit
925 3311 1024 3373 filius?

274 3421 334 3479 TR.
357 3419 436 3479 Eece
458 3417 556 3478 eutem
577 3419 661 3493 perii.

195 3539 255 3585 eeu
631 3520 692 3579 TH.
716 3516 834 3577 Dicisne
857 3517 911 3577 hoc
935 3517 1012 3591 quod
1034 3513 1065 3576 ue
1087 3513 1183 3590 rogo?

275 3624 336 3687 TR.
358 3619 477 3682 Dicam:
502 3621 553 3682 sed
575 3638 677 3683 nomen
700 3620 810 3681 demini
835 3636 946 3693 quaero
969 3616 1084 3693 quid
1062 3625 1125 3678 suet.

669 3762 867 3827 w*
