2978 4396
202 285 262 349 rm
1015 294 1387 368 mmmne

284 459 357 517 Trina
380 461 500 519 consilia
521 458 652 519 firmiora
673 463 741 520 srint
762 461 797 521 de
820 461 926 536 diuinis
947 463 1028 522 locis.

200 562 259 619 ΤΗ.
284 561 390 635 Sdrge:
415 579 450 620 ne
472 562 588 634 nugare.
612 563 777 636 aspicedum
801 563 902 624 contra
923 582 977 624 me.

915 668 975 725 TR.
998 665 1117 741 Aspexit

134 783 199 827 tros
1055 751 1116 828 Tli.
1139 769 1256 833 mdes?

200 869 261 926 ΤΗ.
284 868 385 929 Video.
408 869 511 928 hrosi
535 871 598 943 qnis
620 867 782 930 intercedat
802 872 915 943 tertius,
938 873 1040 946 peredt
1060 870 1146 932 lame.

200 971 260 1029 TH.
286 970 432 1043 Quidum?

316 1076 378 1136 TR.
402 1076 476 1147 Quia
498 1078 538 1134 nil
560 1078 674 1150 quaesti
697 1077 735 1135 sit
758 1076 814 1152 [eiz
838 1074 894 1150 ita]
918 1078 987 1136 mali
1007 1077 1104 1138 horale
1126 1076 1213 1137 ambri
1238 1096 1358 1139 snmus.

201 1177 262 1235 TH.
285 1177 373 1236 Perii.

323 1280 382 1338 TR.
401 1280 482 1360 'Quid
504 1279 609 1340 tibist?

556 1384 616 1441 TH.
639 1382 754 1442 Dedisti
775 1381 875 1443 uerba.

804 1486 865 1544 TR.
888 1487 965 1558 Quoi
984 1486 1126 1547 tandeim?

1078 1591 1143 1649 TH..
1163 1591 1263 1652 Probe

286 1689 355 1748 med
379 1691 514 1749 emunxti.

468 1792 527 1849 TR.
552 1791 624 1851 Vide
647 1793 695 1864 sis,
719 1793 811 1851 satine
833 1794 934 1852 restet
953 1811 1021 1852 nnm
1043 1792 1123 1853 mnoi·
1141 1794 1257 1854 fluont?

134 1894 266 1954 trioTH.
285 1871 374 1954 immo
397 1897 485 1954 etiam
507 1896 654 1956 cerebrim
678 1914 792 1970 qnoque
815 1913 897 1955 omne
917 1897 957 1953 mi
975 1896 990 1954 e
1010 1897 1105 1971 eapite
1124 1895 1259 1956 emunxti
1275 1917 1358 1959 meo.

285 1995 359 2055 Nam
382 1996 478 2056 dmnia
500 1999 573 2057 male
596 1996 674 2056 idota
694 2004 795 2056 nostra
816 1998 933 2071 repperi
954 1996 1112 2057 radicitus:

284 2098 350 2157 Non
372 2101 511 2159 redicitis
534 2099 649 2173 quidem
671 2099 776 2172 hercle,
799 2095 903 2158 nerum
926 2101 1012 2159 etiam
1035 2100 1220 2160 exradioitns.

284 2201 447 2274 Nr'rrnqnam
467 2202 570 2275 edepol
590 2200 634 2276 [tn
652 2198 737 2274 haee]
754 2200 841 2260 hddie
860 2202 968 2260 innltns
988 2198 1205 2276 disignnneris:
1230 2203 1288 2262 tibi

284 2305 345 2361 lnirn
368 2303 472 2364 iubebo
497 2301 577 2379 [ego]
601 2305 696 2376 ignem
718 2313 748 2363 et
769 2320 893 2375 sarmen,
915 2303 1059 2378 odrnniex,
1084 2304 1268 2364 oirorimdari.

135 2405 267 2466 1115TR.
286 2402 333 2461 Ne
354 2404 445 2464 faxis:
468 2424 533 2464 narn
557 2407 647 2465 elixus
670 2423 733 2464 esse
757 2423 841 2480 qnam
866 2406 947 2464 assus
970 2408 1054 2466 soleo·
1071 2407 1196 2467 suanion

200 2509 260 2566 TH.
285 2493 426 2582 Exempla
449 2508 551 2582 edepol
572 2506 678 2566 iioiam
700 2525 754 2580 ego
777 2509 807 2565 in
829 2514 867 2566 te.

286 2678 289 2683 4
741 2611 802 2668 ΤΗ.
826 2610 884 2681 Qui
904 2612 1015 2684 placeo,
1039 2611 1200 2684 exemplum
1223 2606 1360 2685 expetis.

201 2714 260 2770 ΤΗ.
284 2711 435 2784 Liquere:
460 2711 642 2786 quoiusmodi
663 2712 778 2784 reliqui,
803 2694 888 2784 quom
910 2712 977 2770 hino
1000 2711 1123 2784 abibam,
1146 2709 1263 2770 filium?

201 2815 261 2872 TR.
285 2813 508 2886 Compedibus
533 2813 673 2885 manibris,
698 2830 763 2871 cnm
786 2812 893 2885 digitis,
918 2812 1045 2886 naribus,
1070 2814 1169 2885 oculis,
1192 2813 1297 2873 labris.

201 2894 529 2988 mmmmn

468 3019 528 3076 TR.
551 2995 641 3076 ritino
664 3034 732 3090 ergo
755 3018 831 3074 nino
852 3015 906 3074 tibi
927 3015 1099 3090 respondeo.

135 3136 199 3182 1120
286 3120 343 3178 sed
366 3137 463 3179 eoonm
486 3120 530 3178 tni
551 3119 632 3192 gnati
654 3118 781 3178 sodalem
804 3117 890 3176 uideo
914 3117 970 3176 huo
994 3115 1093 3193 [illim]
1117 3118 1262 3192 ireddere,

286 3222 517 3282 Callidamatem:
540 3220 592 3280 illo
613 3227 765 3295 praesente
788 3220 899 3279 meeum
923 3220 1011 3292 agito,
1034 3220 1059 3278 si
1082 3220 1151 3294 qnid
1173 3221 1266 3281 noles.

337 3391 654 3452 CALLIDAMATES.
698 3370 1008 3448 THEOPROP'IDES.
1054 3389 1211 3450 TRANIO.

201 3529 259 3588 CA.
284 3503 342 3585 Ubi
365 3543 463 3586 somno
486 3543 578 3584 meam
600 3525 725 3600 sepelini
747 3541 859 3584 omnem
882 3532 970 3599 atque
994 3521 1138 3584 edormini
1159 3524 1324 3601 crapulam,

285 3627 467 3688 Philolaches
489 3628 605 3688 uenisse
626 3626 696 3684 mihi
719 3621 877 3701 [narrauit]
900 3643 985 3685 snonn
1003 3643 1123 3701 peregre
1146 3626 1202 3686 hdo
1224 3636 1359 3703 patrem,
