2978 4396
198 239 218 304 8
272 315 274 320 ,
1115 245 1342 319 1‚1,5a-eo

149 430 180 475 ss
202 415 263 474 GR.
288 414 311 472 0
335 412 519 472 carnuficium
542 414 675 486 cribrum,
700 415 776 488 quod
799 412 885 474 credo
907 413 984 474 iore:

282 519 329 576 Ita
350 518 380 576 te
402 516 537 577 forabunt
559 516 750 590 patibulatum
773 517 910 590 peruias

285 620 430 678 Stimoleis
455 614 613 694 [terebris],
636 609 692 676 hic
715 619 739 676 si
760 619 892 689 reneniat
913 635 1009 678 senex.

151 738 167 765 s
200 723 260 781 TR.
284 723 426 795 Quiscis,
450 739 488 780 an
509 721 563 780 tibi
585 723 659 780 istuc
681 722 761 796 prius
784 723 900 781 eueniat
922 723 1008 795 quam
1029 721 1118 780 mihi?

200 826 261 885 GR.
285 826 360 897 Quia
385 826 540 898 numquam
560 825 664 883 merui:
686 826 717 883 to
735 825 865 884 meruisti
887 831 917 883 et
937 826 1012 882 utino
1034 841 1137 884 meres.

150 941 181 985 co
200 928 261 986 TR.
284 927 429 987 Orationis
453 925 570 1000 operam
592 927 743 999 compendi
764 924 836 999 face,

284 1029 348 1087 Nisi
370 1031 399 1088 te
422 1031 499 1087 mala
520 1046 551 1088 re
574 1029 676 1101 magna
698 1027 820 1088 mactari
842 1030 933 1102 cupis.

201 1111 262 1190 GR.
284 1129 395 1190 Eruom
418 1131 540 1190 daturin’
565 1131 643 1202 ostia,
667 1131 759 1189 bubus
782 1129 861 1204 quod
882 1130 994 1190 feram?

284 1234 368 1307 Date,
392 1236 417 1292 si
439 1251 495 1294 nou
518 1233 598 1292 estis.
621 1229 708 1305 agite,
732 1251 818 1307 porro
841 1234 962 1306 pergite,

163 1409 166 1415 Ι
257 1316 260 1322 ’
286 1337 425 1407 Quoniam
449 1335 618 1410 occepistist
642 1335 740 1407 bibite,
764 1331 1002 1409 pergraecamini

151 1451 181 1503 cs
285 1439 364 1511 Este,
389 1427 607 1510 111111111161,
632 1439 761 1509 saginam
784 1438 905 1513 caedite.

200 1539 261 1598 TR.
286 1542 362 1599 Tace
386 1539 475 1614 atque
497 1540 546 1598 abi
567 1557 631 1598 rus:
655 1557 707 1612 ego
730 1540 772 1598 ire
795 1541 823 1597 in
846 1540 980 1599 Piraeum
1002 1542 1068 1600 uolo

284 1643 319 1700 In
340 1643 494 1716 uesperum
515 1639 621 1715 parare
642 1642 786 1715 piscatum
807 1642 886 1699 mihi.

285 1742 394 1802 Eruom
417 1744 470 1802 tibi
483 1745 597 1817 aliquis
620 1741 685 1802 cras
708 1742 774 1803 faxo
793 1730 835 1802 'ad
856 1745 955 1802 uillam
978 1741 1100 1802 adferat.

286 1845 362 1917 Quid
385 1847 437 1919 est,
462 1846 539 1919 qnod
562 1853 592 1904 tn
615 1864 660 1905 me
682 1848 757 1904 minc
780 1854 910 1920 optnere‚
935 1843 1077 1904 furcifer?

152 1960 182 2006 to
202 1948 262 2006 GR.
286 1947 340 2008 Pol
361 1948 415 2007 tibi
436 1949 511 2007 istuc
533 1947 619 2008 credo
641 1946 743 2008 nomen
766 1949 894 2007 actutum
916 1946 986 2007 fore.
1011 2009 1015 2020 ,

201 2050 260 2108 TR.
283 2051 359 2108 Dum
380 2051 492 2110 interea
514 2051 555 2108 sic
577 2051 623 2123 sit,
647 2050 721 2109 istuc
745 2048 890 2109 ‘actutum’
913 2051 984 2110 sino.

201 2152 262 2211 GR.
285 2149 369 2224 Itos,
392 2153 443 2212 sed
465 2171 552 2211 unum
574 2152 629 2212 hoc
651 2153 739 2211 scito:
762 2153 849 2211 nimio
873 2153 995 2211 celerius

285 2255 379 2326 Venit,
404 2253 481 2327 qnod
503 2255 585 2326 nolis,
610 2271 695 2327 quam
717 2253 797 2325 illud,
822 2253 901 2327 quod
923 2253 1028 2327 cupide
1045 2258 1141 2327 petas

201 2356 262 2414 TR.
285 2353 429 2417 Molestus
452 2373 487 2415 uc
510 2357 564 2414 sis:
589 2355 722 2414 nunciam
745 2374 793 2414 rus
818 2364 846 2415 ts
869 2353 981 2414 amone.

153 2472 182 2516 75
240 2465 242 2468 ⁴
285 2458 329 2516 Ne
351 2464 383 2517 tn
405 2458 502 2517 hercle
524 2456 697 2532 praeterhac
719 2457 790 2515 mihi
812 2475 868 2517 non
890 2455 979 2514 facies
1002 2474 1122 2516 moram.

203 2560 263 2618 GR.
287 2559 369 2618 Satin
392 2559 466 2618 abiit
487 2578 580 2634 neque
604 2559 680 2634 quod
705 2560 765 2618 dixi
786 2559 869 2619 flocci
893 2559 1069 2618 existumat?

285 2661 343 2721 Pro
366 2663 396 2720 di
417 2663 592 2736 inmortales,
617 2660 736 2736 opsecro
759 2659 888 2720 nostram
910 2660 1004 2733 fidem,

286 2764 397 2836 Facite,
419 2763 476 2821 huc
498 2770 530 2822 ut
550 2763 653 2822 redeat
674 2762 772 2823 noster
794 2764 1021 2837 quamprimum
1043 2779 1143 2838 senex,

287 2866 454 2924 Triennium
477 2865 526 2939 qui
548 2866 605 2923 iam
627 2865 694 2923 hinc
717 2865 807 2938 abest,
830 2866 1000 2939 prinsquam
1023 2862 1119 2922 omnia

287 2967 414 3040 Periere,
438 2973 468 3026 ct
488 2967 574 3026 aedes
598 2967 628 3026 et
648 2985 726 3039 ager.
751 2967 801 3040 qni
823 2967 878 3024 nisi
900 2969 975 3024 nunc
995 2965 1080 3038 redit,

289 3067 451 3127 Paucorum
473 3086 601 3127 mensum
623 3070 690 3126 sunt
711 3069 830 3128 relictae
852 3068 1004 3142 reliquiae.

287 3169 371 3228 Nunc
392 3172 441 3228 rus
464 3169 565 3230 abibo:
589 3188 655 3228 nam
678 3170 777 3229 eccum
800 3171 898 3230 erilem
920 3169 1012 3228 filium

288 3270 389 3345 Video,
413 3279 580 3345 corruptum
603 3289 638 3332 ex
660 3269 876 3336 adulescentulo
900 3269 1028 3346 optumo.
